1647 2931
341 144 419 187 194
531 138 774 177 INSECTA
801 136 1057 177 APTERA.
1082 136 1373 190 Scfflopendra.

398 849 572 891 Marina.
603 847 645 891 8.

664 245 788 286 Milll.
816 245 902 285 Lin.
933 244 1035 285 Nat.
1066 247 1117 286 cl.
1147 257 1192 286 v.
1217 263 1258 297 p.
1290 256 1408 301 1159.

662 301 790 340 Faun.
823 299 954 341 Fridr.
983 316 1022 341 n.
1050 299 1142 349 856.

661 355 761 395 Hah.
790 356 829 393 in
855 356 1025 407 Europae
1054 365 1187 404 terra,
1211 357 1250 395 in
1273 356 1448 396 tenebris
1466 356 1597 397 mani==

715 409 810 449 feste
835 408 1022 449 scintillat
1045 409 1112 449 vel
1137 423 1208 461 per
1246 410 1282 450 se
1310 411 1431 451 lucet.

663 464 787 503 Pedes
831 475 1038 504 numeratu
1089 462 1271 505 ‘difficiles
1293 496 1306 515 ‚
1330 466 1398 519 (46
1449 467 1496 506 ad
1538 474 1600 517 54.

722 518 934 558 Solander.

662 572 782 623 Dese.
812 573 946 612 Rubra
976 572 1029 613 est
1048 603 1060 621 ‚
1085 572 1200 626 plana
1221 604 1232 623 ‚
1263 573 1457 614 filiformis
1475 605 1487 623 ‚
1514 575 1600 615 ser-

720 628 852 682 pentis
882 627 997 667 instar
1023 627 1220 668 flexuosae.
1248 629 1374 667 Pedes
1402 638 1449 679 54
1474 643 1495 668 a
1522 630 1603 668 sm-

720 683 817 737 gulo
843 682 967 722 latere
997 681 1189 731 Frisclzius
1229 693 1436 732 numerat,
1472 683 1601 723 nostra

719 747 775 791 70
802 736 869 778 vel
901 736 954 791 78
986 736 1156 777 obtinet.
1190 733 1313 777 Faun.
1335 737 1455 787 2065.

674 849 721 889 S.
753 848 770 898 (
794 845 830 886 la
857 846 1008 886 marine
1034 846 1051 894 )
1084 845 1247 898 pedibus
1285 848 1469 899 utrinque
1475 877 1599 890 .....

725 914 896 953 corpore
934 900 1112 953 pallido,
1150 901 1255 941 linea
1281 902 1422 942 dorsali
1447 902 1548 944 rufa.

668 957 724 998 It.
759 955 917 1007 Wgoth.
944 964 1036 1007 191.

668 1012 766 1051 Fab.
799 1021 863 1063 13.

669 1067 840 1106 Stroem.
866 1065 1023 1115 sundm.
1047 1072 1083 1104 1.
1114 1063 1206 1104 160.

671 1121 771 1161 Hah.
798 1120 837 1159 in
874 1122 1040 1160 Oceano
1068 1119 1277 1161 Atlantico
1297 1149 1310 1169 ,
1338 1122 1603 1177 Norwagico.

669 1178 831 1228 Corpus
890 1176 1047 1213 rubrum
1119 1177 1143 1225 (
1183 1177 1282 1214 unde
1337 1176 1508 1216 Radaat
1540 1181 1567 1228 )
1586 1209 1604 1228 ,

724 1230 947 1280 Norwagis
969 1229 1342 1282 frequentg'ffi'mum,
1374 1231 1609 1283 Clupearurrz

725 1285 993 1336 Harengarum
1025 1285 1106 1333 esba
1127 1313 1140 1330 ,
1178 1287 1274 1325 unde
1303 1287 1488 1326 abdomen
1520 1290 1608 1337 pis-

727 1342 827 1379 cium
861 1340 1015 1391 rufescit
1043 1340 1074 1378 δ’
1103 1354 1239 1389 corpus
1271 1342 1375 1381 brevi
1404 1344 1573 1392 pubescit
1591 1375 1607 1392 ,

731 1396 801 1447 nisi
841 1394 985 1443 saltem
1023 1409 1094 1443 per
1137 1395 1290 1435 biduum
1340 1397 1610 1450 relinquantur

723 1450 848 1502 pisces
864 1448 1009 1488 retibus
1024 1448 1228 1502 illaqueati
1246 1452 1284 1491 in
1305 1453 1417 1492 mari.
1435 1454 1605 1496 Stroem.
