1647 2931
331 118 383 151 20

572 107 814 148 INSECTA
845 107 1094 146 APTERA.
1126 106 1350 147 Pediculus.

723 217 893 258 sustorio
915 215 1150 256 instru&um.
1176 218 1377 268 Utrinque
1402 218 1448 256 ad
1478 217 1601 260 latera

715 272 859 324 capitis
901 271 1008 310 oculi
1051 272 1223 320 minuti,
1267 272 1402 324 nigri3
1441 274 1477 312 &
1510 284 1602 313 ante

715 328 791 367 hos
827 334 1009 365 antennae
1029 356 1041 375 ,
1070 339 1152 365 non
1185 326 1282 364 nihil
1319 323 1551 366 abludentes
1582 341 1604 368 a

719 381 848 420 forma
865 382 905 419 in
924 380 1002 419 hoc
1021 393 1168 433 genere
1187 381 1401 429 consuet33
1427 381 1605 420 constant
1633 423 1636 426 ,

715 434 893 474 articulis
923 435 1049 473 tribus
1068 463 1080 480 ‚
1116 434 1257 474 ultimo
1285 435 1394 486 apice
1422 436 1606 474 craffius-

715 489 823 530 culo.
869 489 1039 527 Primum
1086 490 1308 530 abdominis
1362 489 1605 543 segmentum

715 543 932 594 (thorax)
971 543 1266 596 angufliffimum
1288 573 1299 589 ,
1334 544 1605 583 subrotunda÷

716 608 825 646 tum,
853 598 918 637 sed
940 597 1088 649 postice
1111 599 1316 637 dilatatum
1336 600 1371 638 &
1391 600 1461 637 vix
1481 599 1605 638 senfi-

714 653 848 692 biliter
874 652 1060 691 trilobum
1085 668 1095 702 3
1135 652 1213 692 hoc
1245 654 1392 705 excipit
1422 653 1605 706 segmen-

712 716 798 746 tum
831 706 936 745 aliud
972 707 1118 756 latius,
1145 707 1209 746 sed
1243 707 1405 746 brevius
1439 709 1571 760 priore
1591 738 1604 757 ‚

714 772 800 801 tum
820 761 1014 801 abdomen
1034 762 1227 814 reliquum
1249 773 1426 801 ovatum.
1443 762 1567 800 Pedes
1587 792 1602 808 ‚

718 817 784 868 qui
826 829 962 855 omnes
1012 817 1144 868 primis
1193 817 1310 869 paulo
1359 826 1452 855 ante
1496 818 1604 856 diffis

714 871 925 924 segmentis
964 870 1080 909 adfixi
1117 870 1204 909 sunt
1229 901 1241 919 ‚
1270 871 1448 910 articulis
1477 871 1605 910 tribus

715 925 925 974 constant,
972 939 1137 977 quorum
1178 926 1394 977 postremus
1441 926 1605 977 oblique

714 988 921 1018 truncatus
948 982 1057 1032 apice
1086 993 1227 1019 uncum
1251 980 1440 1033 insignem
1464 981 1604 1019 haber.

713 1034 901 1074 infectum
953 1034 1043 1073 satis
1093 1035 1256 1087 pilosum
1278 1065 1290 1082 ‚
1347 1035 1412 1074 sed
1469 1034 1565 1073 nulli
1594 1063 1606 1080 ,

715 1088 851 1128 saltem
885 1102 983 1140 quos
1012 1102 1088 1141 ego
1112 1088 1287 1128 vidiffem
1309 1118 1321 1137 ‚
1356 1089 1396 1127 in
1424 1089 1602 1128 articulis

715 1143 871 1182 duobus
916 1144 1132 1182 abdominIS
1177 1144 1306 1195 prim3s
1331 1174 1343 1191 ‚
1392 1142 1605 1195 praesertim

716 1199 765 1236 ad
795 1197 918 1236 latera
947 1198 1183 1251 fingulorum
1221 1198 1515 1251 segmentorum
1536 1212 1607 1237 re-

717 1251 913 1303 liquorum
943 1253 1161 1291 abdominis
1204 1253 1272 1304 pili
1311 1254 1389 1291 duo
1439 1252 1606 1291 sublon-

715 1307 849 1359 giores
882 1308 1154 1358 adproximan.
1184 1306 1337 1354 Color,
1374 1316 1416 1345 ut
1454 1308 1492 1345 in
1527 1307 1605 1346 hoc

717 1374 865 1413 genere
884 1362 1093 1401 consuetus
1121 1361 1194 1407 est,
1214 1361 1379 1400 albidus.
1405 1364 1446 1400 In
1466 1363 1597 1413 capite

717 1415 868 1454 macula
894 1417 1087 1467 palpitans
1117 1417 1248 1465 (cor)
1281 1415 1574 1455 obscuriuscula
1594 1446 1605 1463 ‚

719 1469 953 1508 subcordata
971 1501 983 1519 ‚
1035 1472 1071 1510 ὅ(
1113 1481 1303 1521 praeterea
1355 1470 1468 1508 lineae
1517 1472 1605 1508 duae

718 1523 1041 1577 longitudinales.
1071 1525 1279 1563 Abdomen
1302 1523 1428 1562 fasciis
1456 1537 1602 1564 novem

724 1579 1017 1618 oblcurioribus
1046 1579 1291 1620 transversis.
1329 1578 1471 1618 Enum.

400 1695 536 1735 Bovis.
566 1702 608 1747 7.
639 1692 685 1732 12.
719 1691 736 1740 (
763 1690 814 1728 du
855 1690 1051 1738 tauream)
1082 1689 1198 1728 bovis
1239 1689 1368 1735 tauri,
1406 1688 1606 1728 abdomine

731 1745 845 1782 lineis
872 1746 1099 1796 trmzfi'etsis
1141 1744 1215 1783 oc'io
1243 1743 1498 1796 ferrugineis.

671 1800 763 1840 Fal).
787 1810 827 1849 7.

675 1855 801 1894 Faun.
835 1854 965 1893 Fridr.
999 1870 1038 1893 n.
1065 1852 1157 1905 803.

676 1909 776 1948 Hah.
809 1909 848 1946 in
881 1908 1022 1948 bobus.
1055 1909 1220 1948 Pellitur
1254 1908 1419 1948 decocto
1452 1907 1531 1947 ledi
1569 1909 1607 1949 δί

731 1963 811 2002 sedi
845 1964 959 2002 acris.

675 2017 793 2067 Dese.
824 2017 949 2056 Totus
973 2016 1112 2064 albus,
1143 2017 1335 2056 minimus.
1377 2016 1500 2067 Caput
1531 2016 1609 2055 res-2

734 2083 904 2112 taceum.
955 2072 1080 2109 Pedes
1128 2072 1315 2119 testacei,
1361 2072 1471 2123 apice
1511 2070 1609 2109 albi-

734 2128 882 2165 diores.
916 2125 1120 2164 Abale-men
1166 2126 1320 2173 album,
1366 2125 1479 2164 lineis
1518 2126 1608 2163 odio

732 2180 911 2220 testaceis
938 2180 1162 2219 transverfis
1189 2181 1229 2218 in
1259 2179 1400 2224 dorso,
1437 2180 1608 2230 quinque

734 2235 861 2274 fasciis
880 2234 1104 2273 transversis
1121 2236 1159 2273 in
1179 2244 1345 2282 ventre,
1365 2247 1451 2285 quae
1473 2245 1610 2272 omnes

735 2289 850 2327 lineae
869 2301 949 2327 non
964 2298 1129 2342 tangunt
1149 2290 1360 2341 marginem
1379 2289 1442 2326 seu
1460 2287 1608 2335 laterag.

739 2343 866 2385 latera
882 2353 1011 2383 tamen
1029 2343 1255 2384 obscuriora
1271 2342 1424 2396 reliquo
1442 2354 1609 2395 corpore:-
