1647 2931
284 106 375 162 ccvi
486 107 620 148 JOH.
671 103 949 147 Cuntsr.
999 104 1335 148 FABR1011

283 218 456 260 Accedit
482 217 587 270 quod
612 229 809 269 nunquam
850 215 1007 257 colores
1042 218 1245 269 adaequate
1275 218 1538 262 determinare

339 283 407 313 aut
452 272 584 314 verbis
635 273 854 323 exprimere
902 271 1075 312 valeant.
1144 273 1276 312 Nimia
1319 285 1455 314 eorum
1486 276 1539 317 est

340 328 512 368 vafietas
540 328 578 367 ὅτ
610 325 779 366 miscela.

286 383 477 424 Colorum
520 380 681 434 systema
725 380 880 432 quidem
921 378 1175 420 elaborarunt
1207 382 1283 421 viri
1312 383 1537 426 meritissimi

335 437 489 488 Scopoli
531 438 568 476 &
606 436 712 474 Poda
735 464 748 482 ,
794 444 835 473 at
863 436 1053 475 vacillans
1086 437 1233 488 semper
1270 438 1379 483 erit,
1418 452 1536 489 quum

334 506 473 534 eorum
498 490 656 531 colores
682 503 792 541 aeque
810 489 1016 538 ludentes,
1043 503 1089 530 ac
1107 490 1276 543 ipsorum
1303 491 1535 533 insectorum

336 547 478 588 demtis
510 556 640 585 tamen
673 544 874 584 coloribus
913 547 1087 584 nondum
1127 545 1266 585 insecta
1299 546 1534 600 distinguere

334 601 526 643 valemus.
577 600 662 640 Seri
703 597 808 639 forte
844 609 1012 651 nepotes
1056 598 1275 640 essentiales
1319 600 1533 653 specierum

333 656 574 696 differentias
599 657 791 708 detegent
820 654 857 695 ὅ(
881 664 977 695 tunc
1008 654 1167 695 colores
1195 656 1358 696 omnino
1390 656 1533 696 exclu-

333 712 466 752 dendi.

793 779 925 821 Canon
954 780 1020 836 63.

279 899 444 939 Odorem
479 912 673 953 nunquam
705 897 964 951 dffrerztiam
998 897 1206 948 diffindam
1243 898 1396 938 tradere
1438 913 1534 938 con-

331 955 540 994 tendimus.

277 1008 451 1050 Olfastus
484 1010 648 1049 maxime
672 1007 859 1049 obscurus
889 1003 993 1048 inter
1023 1021 1159 1048 omnes
1198 1007 1350 1048 nostros
1375 1008 1531 1057 sensus,

330 1066 528 1104 examinat
550 1063 764 1104 tenuiffima
782 1076 992 1115 corporum
1011 1063 1169 1104 effluvia
1184 1091 1196 1108 ‚
1225 1077 1310 1115 quae
1333 1076 1531 1115 nunquam

328 1120 407 1159 rite
434 1120 696 1159 determinare
712 1118 887 1158 valemus
903 1149 916 1169 ,
936 1132 1053 1171 quum
1076 1119 1218 1157 limites
1248 1118 1352 1157 haud
1381 1119 1529 1157 admit-

329 1182 430 1213 tant.
455 1177 642 1213 Erroneae
661 1174 782 1226 igitur
810 1173 898 1213 sunt
924 1186 1061 1214 omnes
1094 1171 1326 1212 differentiae
1360 1185 1446 1225 quae
1480 1173 1528 1213 ab

328 1230 455 1269 odore
489 1229 756 1270 desumuntur.

789 1326 925 1367 Canon
958 1327 1023 1381 64.

270 1439 513 1493 Differentiae
543 1453 626 1493 quae
654 1438 805 1479 unicum
829 1448 983 1478 tantum
1003 1439 1140 1489 sexum
1175 1437 1523 1490 comprehendunt„

314 1497 465 1546 semper
496 1494 626 1535 malae.

269 1551 393 1591 Sexus
417 1550 516 1589 alter
546 1561 742 1600 nunquam
772 1548 938 1601 speciem
969 1548 1194 1596 constituit,
1229 1548 1398 1600 ideoque
1423 1561 1524 1600 pro-2

321 1614 446 1658 ponat
475 1606 593 1643 etiam
619 1603 838 1644 differentia
867 1612 982 1642 notas
1011 1605 1117 1643 omni
1144 1603 1249 1642 sexui
1270 1615 1524 1652 communes„

322 1673 439 1713 quum
470 1672 491 1698 e
518 1658 738 1699 differentia
774 1658 877 1697 haud
906 1657 1037 1697 sexum
1066 1658 1132 1697 sed
1161 1658 1326 1709 speciem
1353 1659 1523 1710 cognos-

320 1729 413 1756 cere
448 1713 656 1754 debeamus
673 1742 686 1762 ,
718 1712 830 1752 falsas
850 1714 941 1752 ideo
972 1712 1048 1752 esse
1075 1725 1212 1752 omnes
1239 1712 1522 1752 scarabaeorum

318 1769 560 1809 differentias
603 1781 623 1807 a
660 1768 860 1808 cornubus
902 1767 1045 1808 sumtas
1080 1797 1092 1818 ,
1143 1767 1448 1807 ichneumonum
1474 1770 1522 1808 ab

320 1825 460 1866 aculeo
487 1823 779 1863 contendimus.

779 1913 911 1954 Canon
944 1914 1010 1964 65.

261 2023 505 2078 Differentiae
532 2025 751 2075 infeHorum
790 2040 922 2065 ornnes
968 2052 981 2071 ,
1033 2039 1117 2078 quae
1157 2040 1179 2062 a
1218 2023 1522 2074 proprietatibus

313 2080 562 2127 desumuntur
579 2109 592 2127 ‚
629 2081 802 2120 ludicrae.

259 2134 405 2173 Infecta
436 2133 578 2187 absque
610 2134 919 2175 accidentalibus
961 2148 1030 2187 per
1063 2133 1101 2174 se
1133 2133 1371 2187 distinguere
1403 2130 1520 2170 labo„

313 2200 441 2227 ramus
480 2190 650 2242 ideoque
692 2203 827 2230 omnes
871 2199 986 2230 notas
1029 2203 1114 2241 quse
1153 2188 1258 2228 haud
1291 2201 1312 2226 a
1349 2199 1518 2237 corpore

312 2243 394 2295 ipso
425 2244 706 2293 desumuntur,
745 2245 860 2297 plane
900 2245 1134 2297 rejiciendas
1168 2242 1244 2283 effe
1291 2242 1515 2284 credimus,

311 2312 428 2348 quum
461 2312 657 2353 nunquam
687 2299 951 2342 charwsterem
985 2299 1117 2340 inseffi
1149 2295 1388 2339 essentialem
1421 2307 1517 2334 cou-

313 2362 480 2395 timeant,
