<?xml version="1.0" encoding="UTF-8"?>
<!DOCTYPE html PUBLIC "-//W3C//DTD XHTML 1.0 Transitional//EN"
    "http://www.w3.org/TR/xhtml1/DTD/xhtml1-transitional.dtd">
<html xmlns="http://www.w3.org/1999/xhtml" xml:lang="en" lang="en">
 <head>
  <title>
</title>
<meta http-equiv="Content-Type" content="text/html;charset=utf-8" />
  <meta name='ocr-system' content='tesseract 3.04.00' />
  <meta name='ocr-capabilities' content='ocr_page ocr_carea ocr_par ocr_line ocrx_word'/>
</head>
<body>
  <div class='ocr_page' id='page_1' title='image "./carolilinnaeient04linn_0243.png"; bbox 0 0 1647 2931; ppageno 0'>
   <div class='ocr_carea' id='block_1_1' title="bbox 356 115 1339 166">
    <p class='ocr_par' dir='ltr' id='par_1_1' title="bbox 356 115 1339 166">
     <span class='ocr_line' id='line_1_1' title="bbox 356 115 1339 166; baseline -0.003 -9"><span class='ocrx_word' id='word_1_1' title='bbox 356 116 595 158; x_wconf 51' lang='lat' dir='ltr'>§1³³5ssch</span> <span class='ocrx_word' id='word_1_2' title='bbox 628 116 876 155; x_wconf 75' lang='lat' dir='ltr'>APTERA.</span> <span class='ocrx_word' id='word_1_3' title='bbox 906 115 1084 155; x_wconf 81' lang='lat' dir='ltr'><strong>Termes.</strong></span> <span class='ocrx_word' id='word_1_4' title='bbox 1291 123 1339 166; x_wconf 66' lang='grc' dir='ltr'>ῖς</span> 
     </span>
    </p>
   </div>
   <div class='ocr_carea' id='block_1_2' title="bbox 90 1209 395 1253">
    <p class='ocr_par' dir='ltr' id='par_1_2' title="bbox 90 1209 395 1253">
     <span class='ocr_line' id='line_1_2' title="bbox 90 1209 395 1253; baseline -0.007 0"><span class='ocrx_word' id='word_1_5' title='bbox 90 1209 322 1253; x_wconf 82' lang='lat' dir='ltr'>Fatidicum.</span> <span class='ocrx_word' id='word_1_6' title='bbox 354 1221 395 1252; x_wconf 88' lang='lat'>2.</span> 
     </span>
    </p>
   </div>
   <div class='ocr_carea' id='block_1_3' title="bbox 107 1978 402 2035">
    <p class='ocr_par' dir='ltr' id='par_1_3' title="bbox 107 1978 402 2035">
     <span class='ocr_line' id='line_1_3' title="bbox 107 1978 402 2035; baseline 0 -14"><span class='ocrx_word' id='word_1_7' title='bbox 107 1978 328 2035; x_wconf 78' lang='lat' dir='ltr'>Sylvarum.</span> <span class='ocrx_word' id='word_1_8' title='bbox 362 1991 402 2035; x_wconf 84' lang='lat'>3.</span> 
     </span>
    </p>
   </div>
   <div class='ocr_carea' id='block_1_4' title="bbox 157 2255 400 2307">
    <p class='ocr_par' dir='ltr' id='par_1_4' title="bbox 157 2255 400 2307">
     <span class='ocr_line' id='line_1_4' title="bbox 157 2255 400 2307; baseline -0.008 -9"><span class='ocrx_word' id='word_1_9' title='bbox 157 2255 329 2305; x_wconf 79' lang='lat' dir='ltr'>Florum.</span> <span class='ocrx_word' id='word_1_10' title='bbox 360 2265 400 2307; x_wconf 85' lang='lat'>4.</span> 
     </span>
    </p>
   </div>
   <div class='ocr_carea' id='block_1_5' title="bbox 420 219 1360 1154">
    <p class='ocr_par' dir='ltr' id='par_1_5' title="bbox 468 219 1353 606">
     <span class='ocr_line' id='line_1_5' title="bbox 468 219 1350 278; baseline 0 -13"><span class='ocrx_word' id='word_1_11' title='bbox 468 225 578 266; x_wconf 79' lang='lat' dir='ltr'>flavi.</span> <span class='ocrx_word' id='word_1_12' title='bbox 615 223 814 264; x_wconf 82' lang='lat' dir='ltr'>Antennae</span> <span class='ocrx_word' id='word_1_13' title='bbox 849 223 1015 263; x_wconf 81' lang='lat' dir='ltr'>setaceae</span> <span class='ocrx_word' id='word_1_14' title='bbox 1037 252 1049 270; x_wconf 92' lang='lat'>‚</span> <span class='ocrx_word' id='word_1_15' title='bbox 1098 219 1350 278; x_wconf 79' lang='lat' dir='ltr'>longitudine</span> 
     </span>
     <span class='ocr_line' id='line_1_6' title="bbox 469 279 1351 332; baseline 0.002 -13"><span class='ocrx_word' id='word_1_16' title='bbox 469 283 488 331; x_wconf 95' lang='lat'>(</span> <span class='ocrx_word' id='word_1_17' title='bbox 515 282 553 320; x_wconf 89' lang='lat' dir='ltr'>in</span> <span class='ocrx_word' id='word_1_18' title='bbox 572 279 764 332; x_wconf 81' lang='lat' dir='ltr'>plerisque</span> <span class='ocrx_word' id='word_1_19' title='bbox 785 281 827 328; x_wconf 84' lang='lat'>‚)</span> <span class='ocrx_word' id='word_1_20' title='bbox 846 279 957 331; x_wconf 75' lang='lat' dir='ltr'>ipsius</span> <span class='ocrx_word' id='word_1_21' title='bbox 974 279 1168 329; x_wconf 81' lang='lat' dir='ltr'>corporis.</span> <span class='ocrx_word' id='word_1_22' title='bbox 1187 281 1351 321; x_wconf 84' lang='lat' dir='ltr'>Macula</span> 
     </span>
     <span class='ocr_line' id='line_1_7' title="bbox 468 332 1351 386; baseline 0 -12"><span class='ocrx_word' id='word_1_23' title='bbox 468 334 575 374; x_wconf 79' lang='lat' dir='ltr'>fusca</span> <span class='ocrx_word' id='word_1_24' title='bbox 608 334 806 373; x_wconf 82' lang='lat' dir='ltr'>annularis</span> <span class='ocrx_word' id='word_1_25' title='bbox 834 335 937 372; x_wconf 88' lang='lat' dir='ltr'>intra</span> <span class='ocrx_word' id='word_1_26' title='bbox 968 332 1162 371; x_wconf 82' lang='lat' dir='ltr'>abdomen</span> <span class='ocrx_word' id='word_1_27' title='bbox 1184 334 1221 373; x_wconf 69' lang='grc' dir='ltr'>δί</span> <span class='ocrx_word' id='word_1_28' title='bbox 1245 348 1351 386; x_wconf 77' lang='lat' dir='ltr'>pone</span> 
     </span>
     <span class='ocr_line' id='line_1_8' title="bbox 471 386 1352 439; baseline 0 -11"><span class='ocrx_word' id='word_1_29' title='bbox 471 386 574 429; x_wconf 82' lang='lat' dir='ltr'>hanc</span> <span class='ocrx_word' id='word_1_30' title='bbox 617 389 752 428; x_wconf 84' lang='lat' dir='ltr'>versus</span> <span class='ocrx_word' id='word_1_31' title='bbox 791 402 906 427; x_wconf 83' lang='lat' dir='ltr'>anum</span> <span class='ocrx_word' id='word_1_32' title='bbox 946 387 1127 439; x_wconf 54' lang='lat' dir='ltr'>puncffum</span> <span class='ocrx_word' id='word_1_33' title='bbox 1166 386 1311 428; x_wconf 82' lang='lat' dir='ltr'>fuscum</span> <span class='ocrx_word' id='word_1_34' title='bbox 1340 404 1352 428; x_wconf 73' lang='lat'>2</span> 
     </span>
     <span class='ocr_line' id='line_1_9' title="bbox 471 440 1353 497; baseline 0.001 -15"><span class='ocrx_word' id='word_1_35' title='bbox 471 443 673 497; x_wconf 83' lang='lat' dir='ltr'>segmenta</span> <span class='ocrx_word' id='word_1_36' title='bbox 707 443 926 482; x_wconf 84' lang='lat' dir='ltr'>abdominis</span> <span class='ocrx_word' id='word_1_37' title='bbox 964 443 1012 480; x_wconf 88' lang='lat' dir='ltr'>ad</span> <span class='ocrx_word' id='word_1_38' title='bbox 1049 440 1173 480; x_wconf 82' lang='lat' dir='ltr'>latera</span> <span class='ocrx_word' id='word_1_39' title='bbox 1203 445 1353 494; x_wconf 62' lang='lat' dir='ltr'>punfi-is</span> 
     </span>
     <span class='ocr_line' id='line_1_10' title="bbox 470 494 1349 552; baseline 0.001 -15"><span class='ocrx_word' id='word_1_40' title='bbox 470 498 566 538; x_wconf 87' lang='lat' dir='ltr'>rufis</span> <span class='ocrx_word' id='word_1_41' title='bbox 599 498 745 552; x_wconf 75' lang='lat' dir='ltr'>singula</span> <span class='ocrx_word' id='word_1_42' title='bbox 781 506 920 537; x_wconf 86' lang='lat' dir='ltr'>notata</span> <span class='ocrx_word' id='word_1_43' title='bbox 961 495 1063 535; x_wconf 81' lang='lat' dir='ltr'>sunt.</span> <span class='ocrx_word' id='word_1_44' title='bbox 1114 494 1170 535; x_wconf 84' lang='lat' dir='ltr'>Os</span> <span class='ocrx_word' id='word_1_45' title='bbox 1205 497 1349 539; x_wconf 79' lang='lat' dir='ltr'>rufum.</span> 
     </span>
     <span class='ocr_line' id='line_1_11' title="bbox 472 552 751 606; baseline 0.004 -15"><span class='ocrx_word' id='word_1_46' title='bbox 472 552 598 594; x_wconf 83' lang='lat' dir='ltr'>Faun.</span> <span class='ocrx_word' id='word_1_47' title='bbox 634 563 751 606; x_wconf 81' lang='lat'>1937.</span> 
     </span>
    </p>

    <p class='ocr_par' dir='ltr' id='par_1_6' title="bbox 421 606 1354 703">
     <span class='ocr_line' id='line_1_12' title="bbox 421 606 1354 657; baseline 0 -10"><span class='ocrx_word' id='word_1_48' title='bbox 421 607 510 657; x_wconf 84' lang='lat' dir='ltr'><em>Obs.</em></span> <span class='ocrx_word' id='word_1_49' title='bbox 537 619 571 647; x_wconf 91' lang='lat'>1.</span> <span class='ocrx_word' id='word_1_50' title='bbox 617 609 780 647; x_wconf 83' lang='lat' dir='ltr'>Alatum</span> <span class='ocrx_word' id='word_1_51' title='bbox 822 607 860 646; x_wconf 91' lang='lat' dir='ltr'>in</span> <span class='ocrx_word' id='word_1_52' title='bbox 901 606 1085 648; x_wconf 77' lang='lat' dir='ltr'>herbario</span> <span class='ocrx_word' id='word_1_53' title='bbox 1128 607 1354 648; x_wconf 75' lang='lat' dir='ltr'>Jamaicenfi</span> 
     </span>
     <span class='ocr_line' id='line_1_13' title="bbox 476 661 1014 703; baseline 0.002 -2"><span class='ocrx_word' id='word_1_54' title='bbox 476 663 631 703; x_wconf 81' lang='lat' dir='ltr'>invenit</span> <span class='ocrx_word' id='word_1_55' title='bbox 658 663 786 703; x_wconf 80' lang='lat' dir='ltr'><strong>celeb.</strong></span> <span class='ocrx_word' id='word_1_56' title='bbox 812 661 1014 702; x_wconf 73' lang='lat' dir='ltr'>Schreber.</span> 
     </span>
    </p>

    <p class='ocr_par' dir='ltr' id='par_1_7' title="bbox 420 716 1360 934">
     <span class='ocr_line' id='line_1_14' title="bbox 420 716 1360 767; baseline 0 -11"><span class='ocrx_word' id='word_1_57' title='bbox 420 717 510 767; x_wconf 72' lang='lat' dir='ltr'>Obfi</span> <span class='ocrx_word' id='word_1_58' title='bbox 534 729 573 758; x_wconf 82' lang='lat'>2.</span> <span class='ocrx_word' id='word_1_59' title='bbox 605 720 663 757; x_wconf 83' lang='lat' dir='ltr'>Ex</span> <span class='ocrx_word' id='word_1_60' title='bbox 698 718 771 757; x_wconf 81' lang='lat' dir='ltr'>hae</span> <span class='ocrx_word' id='word_1_61' title='bbox 799 718 834 757; x_wconf 69' lang='grc' dir='ltr'>ὅτ</span> <span class='ocrx_word' id='word_1_62' title='bbox 861 716 913 755; x_wconf 91' lang='lat' dir='ltr'>D.</span> <span class='ocrx_word' id='word_1_63' title='bbox 933 717 1145 767; x_wconf 74' lang='lat' dir='ltr'>Sparmarz.</span> <span class='ocrx_word' id='word_1_64' title='bbox 1168 716 1360 757; x_wconf 76' lang='lat' dir='ltr'>observa-</span> 
     </span>
     <span class='ocr_line' id='line_1_15' title="bbox 478 772 1360 820; baseline 0 -9"><span class='ocrx_word' id='word_1_65' title='bbox 478 772 590 820; x_wconf 79' lang='lat' dir='ltr'>tione</span> <span class='ocrx_word' id='word_1_66' title='bbox 623 772 939 812; x_wconf 77' lang='lat' dir='ltr'>concludendum</span> <span class='ocrx_word' id='word_1_67' title='bbox 969 782 1112 812; x_wconf 85' lang='lat' dir='ltr'>termes</span> <span class='ocrx_word' id='word_1_68' title='bbox 1134 774 1255 811; x_wconf 85' lang='lat' dir='ltr'>modo</span> <span class='ocrx_word' id='word_1_69' title='bbox 1275 772 1360 811; x_wconf 69' lang='lat' dir='ltr'>ala-</span> 
     </span>
     <span class='ocr_line' id='line_1_16' title="bbox 476 824 1356 879; baseline 0.002 -14"><span class='ocrx_word' id='word_1_70' title='bbox 476 824 559 865; x_wconf 76' lang='lat' dir='ltr'>tum</span> <span class='ocrx_word' id='word_1_71' title='bbox 582 829 780 879; x_wconf 82' lang='lat' dir='ltr'>modoque</span> <span class='ocrx_word' id='word_1_72' title='bbox 801 835 978 879; x_wconf 77' lang='lat' dir='ltr'>apterum</span> <span class='ocrx_word' id='word_1_73' title='bbox 995 826 1070 867; x_wconf 78' lang='lat' dir='ltr'>effe</span> <span class='ocrx_word' id='word_1_74' title='bbox 1091 828 1128 868; x_wconf 66' lang='grc' dir='ltr'>ὅ(</span> <span class='ocrx_word' id='word_1_75' title='bbox 1145 828 1193 866; x_wconf 87' lang='lat' dir='ltr'>ad</span> <span class='ocrx_word' id='word_1_76' title='bbox 1214 826 1356 867; x_wconf 58' lang='lat' dir='ltr'>insefflt</span> 
     </span>
     <span class='ocr_line' id='line_1_17' title="bbox 477 880 1019 934; baseline 0.004 -14"><span class='ocrx_word' id='word_1_77' title='bbox 477 891 718 934; x_wconf 86' lang='lat' dir='ltr'>neuroptera</span> <span class='ocrx_word' id='word_1_78' title='bbox 754 880 1019 922; x_wconf 83' lang='lat' dir='ltr'>referendum.</span> 
     </span>
    </p>

    <p class='ocr_par' dir='ltr' id='par_1_8' title="bbox 427 934 1359 1154">
     <span class='ocr_line' id='line_1_18' title="bbox 427 934 1357 990; baseline 0.005 -16"><span class='ocrx_word' id='word_1_79' title='bbox 427 935 515 985; x_wconf 67' lang='lat' dir='ltr'>02&gt;st</span> <span class='ocrx_word' id='word_1_80' title='bbox 549 947 586 989; x_wconf 84' lang='lat'>3.</span> <span class='ocrx_word' id='word_1_81' title='bbox 630 934 743 976; x_wconf 84' lang='lat' dir='ltr'>Perla</span> <span class='ocrx_word' id='word_1_82' title='bbox 775 937 888 988; x_wconf 74' lang='lat' dir='ltr'>fufta</span> <span class='ocrx_word' id='word_1_83' title='bbox 921 938 958 976; x_wconf 69' lang='grc' dir='ltr'>ὅ(</span> <span class='ocrx_word' id='word_1_84' title='bbox 1001 938 1154 987; x_wconf 69' lang='lat' dir='ltr'>nafizta.</span> <span class='ocrx_word' id='word_1_85' title='bbox 1191 936 1357 990; x_wconf 46' lang='lat' dir='ltr'>tomy3.</span> 
     </span>
     <span class='ocr_line' id='line_1_19' title="bbox 473 990 1359 1044; baseline 0.002 -15"><span class='ocrx_word' id='word_1_86' title='bbox 473 1007 515 1041; x_wconf 77' lang='lat' dir='ltr'>p.</span> <span class='ocrx_word' id='word_1_87' title='bbox 544 990 633 1044; x_wconf 76' lang='lat'>567.</span> <span class='ocrx_word' id='word_1_88' title='bbox 665 1003 694 1030; x_wconf 82' lang='lat' dir='ltr'>t.</span> <span class='ocrx_word' id='word_1_89' title='bbox 718 1000 786 1044; x_wconf 79' lang='lat'>27.</span> <span class='ocrx_word' id='word_1_90' title='bbox 815 992 855 1044; x_wconf 78' lang='lat' dir='ltr'>f.</span> <span class='ocrx_word' id='word_1_91' title='bbox 882 1000 939 1042; x_wconf 85' lang='lat'>4,</span> <span class='ocrx_word' id='word_1_92' title='bbox 974 1000 1018 1040; x_wconf 89' lang='lat'>5,</span> <span class='ocrx_word' id='word_1_93' title='bbox 1058 992 1111 1041; x_wconf 89' lang='lat'>6,</span> <span class='ocrx_word' id='word_1_94' title='bbox 1159 1004 1180 1031; x_wconf 82' lang='lat' dir='ltr'>a</span> <span class='ocrx_word' id='word_1_95' title='bbox 1222 992 1277 1032; x_wconf 90' lang='lat' dir='ltr'>D.</span> <span class='ocrx_word' id='word_1_96' title='bbox 1310 994 1359 1031; x_wconf 79' lang='lat' dir='ltr'>de</span> 
     </span>
     <span class='ocr_line' id='line_1_20' title="bbox 481 1043 1358 1097; baseline 0.002 -14"><span class='ocrx_word' id='word_1_97' title='bbox 481 1043 595 1085; x_wconf 69' lang='lat' dir='ltr'>Geer.</span> <span class='ocrx_word' id='word_1_98' title='bbox 625 1045 818 1097; x_wconf 73' lang='lat' dir='ltr'>descripta</span> <span class='ocrx_word' id='word_1_99' title='bbox 847 1045 976 1086; x_wconf 80' lang='lat' dir='ltr'>forsan</span> <span class='ocrx_word' id='word_1_100' title='bbox 1007 1048 1054 1086; x_wconf 83' lang='lat' dir='ltr'>ad</span> <span class='ocrx_word' id='word_1_101' title='bbox 1088 1057 1231 1086; x_wconf 84' lang='lat' dir='ltr'>termes</span> <span class='ocrx_word' id='word_1_102' title='bbox 1254 1046 1358 1086; x_wconf 79' lang='lat' dir='ltr'>alata</span> 
     </span>
     <span class='ocr_line' id='line_1_21' title="bbox 476 1100 1358 1154; baseline 0.001 -14"><span class='ocrx_word' id='word_1_103' title='bbox 476 1102 701 1154; x_wconf 75' lang='lat' dir='ltr'>pertinent,</span> <span class='ocrx_word' id='word_1_104' title='bbox 713 1111 756 1140; x_wconf 89' lang='lat' dir='ltr'>ut</span> <span class='ocrx_word' id='word_1_105' title='bbox 774 1100 853 1153; x_wconf 83' lang='lat' dir='ltr'>ipse</span> <span class='ocrx_word' id='word_1_106' title='bbox 869 1101 963 1143; x_wconf 81' lang='lat' dir='ltr'>clar.</span> <span class='ocrx_word' id='word_1_107' title='bbox 978 1102 1135 1142; x_wconf 77' lang='lat' dir='ltr'>Entom.</span> <span class='ocrx_word' id='word_1_108' title='bbox 1148 1102 1358 1142; x_wconf 69' lang='lat' dir='ltr'>indicavit,</span> 
     </span>
    </p>
   </div>
   <div class='ocr_carea' id='block_1_6' title="bbox 421 1207 1362 1759">
    <p class='ocr_par' dir='ltr' id='par_1_9' title="bbox 425 1207 1354 1319">
     <span class='ocr_line' id='line_1_22' title="bbox 425 1207 1354 1264; baseline 0 -13"><span class='ocrx_word' id='word_1_109' title='bbox 425 1211 475 1251; x_wconf 90' lang='lat' dir='ltr'>T.</span> <span class='ocrx_word' id='word_1_110' title='bbox 509 1207 590 1263; x_wconf 89' lang='lat' dir='ltr'>(le</span> <span class='ocrx_word' id='word_1_111' title='bbox 634 1210 873 1264; x_wconf 81' lang='lat' dir='ltr'>prophete)</span> <span class='ocrx_word' id='word_1_112' title='bbox 924 1210 1132 1251; x_wconf 78' lang='lat' dir='ltr'>abdomine</span> <span class='ocrx_word' id='word_1_113' title='bbox 1188 1220 1314 1252; x_wconf 86' lang='lat' dir='ltr'>ovato</span> <span class='ocrx_word' id='word_1_114' title='bbox 1340 1241 1354 1263; x_wconf 80' lang='lat'>,</span> 
     </span>
     <span class='ocr_line' id='line_1_23' title="bbox 474 1264 1122 1319; baseline 0 -13"><span class='ocrx_word' id='word_1_115' title='bbox 474 1280 545 1306; x_wconf 80' lang='lat' dir='ltr'>ore</span> <span class='ocrx_word' id='word_1_116' title='bbox 578 1267 725 1319; x_wconf 87' lang='lat' dir='ltr'>pallido</span> <span class='ocrx_word' id='word_1_117' title='bbox 745 1296 757 1315; x_wconf 91' lang='lat'>,</span> <span class='ocrx_word' id='word_1_118' title='bbox 795 1264 922 1306; x_wconf 83' lang='lat' dir='ltr'>oculis</span> <span class='ocrx_word' id='word_1_119' title='bbox 948 1265 1077 1306; x_wconf 80' lang='lat' dir='ltr'>fuscis.</span> <span class='ocrx_word' id='word_1_120' title='bbox 1102 1268 1122 1286; x_wconf 37' lang='grc' dir='ltr'>ς</span> 
     </span>
    </p>

    <p class='ocr_par' dir='ltr' id='par_1_10' title="bbox 421 1321 1054 1372">
     <span class='ocr_line' id='line_1_24' title="bbox 421 1321 1054 1372; baseline 0 -12"><span class='ocrx_word' id='word_1_121' title='bbox 421 1321 568 1370; x_wconf 78' lang='lat' dir='ltr'>Frisclz.</span> <span class='ocrx_word' id='word_1_122' title='bbox 597 1323 667 1372; x_wconf 80' lang='lat' dir='ltr'>ins.</span> <span class='ocrx_word' id='word_1_123' title='bbox 700 1332 761 1360; x_wconf 90' lang='lat'>11.</span> <span class='ocrx_word' id='word_1_124' title='bbox 792 1339 834 1371; x_wconf 71' lang='lat' dir='ltr'>p.</span> <span class='ocrx_word' id='word_1_125' title='bbox 859 1331 897 1359; x_wconf 65' lang='grc' dir='ltr'>α..</span> <span class='ocrx_word' id='word_1_126' title='bbox 931 1333 960 1360; x_wconf 79' lang='lat' dir='ltr'>c.</span> <span class='ocrx_word' id='word_1_127' title='bbox 992 1332 1054 1361; x_wconf 92' lang='lat'>10.</span> 
     </span>
    </p>

    <p class='ocr_par' dir='ltr' id='par_1_11' title="bbox 423 1373 1362 1472">
     <span class='ocr_line' id='line_1_25' title="bbox 423 1373 1362 1430; baseline 0.001 -14"><span class='ocrx_word' id='word_1_128' title='bbox 423 1375 517 1416; x_wconf 72' lang='lat' dir='ltr'>Fab.</span> <span class='ocrx_word' id='word_1_129' title='bbox 538 1376 790 1417; x_wconf 85' lang='lat' dir='ltr'>hemerobius</span> <span class='ocrx_word' id='word_1_130' title='bbox 812 1373 874 1416; x_wconf 88' lang='lat'>16.</span> <span class='ocrx_word' id='word_1_131' title='bbox 895 1385 1078 1429; x_wconf 85' lang='lat' dir='ltr'>apterus,</span> <span class='ocrx_word' id='word_1_132' title='bbox 1094 1389 1164 1417; x_wconf 87' lang='lat' dir='ltr'>ore</span> <span class='ocrx_word' id='word_1_133' title='bbox 1182 1377 1328 1430; x_wconf 81' lang='lat' dir='ltr'>pallido</span> <span class='ocrx_word' id='word_1_134' title='bbox 1344 1382 1362 1426; x_wconf 62' lang='lat'><em>3</em></span> 
     </span>
     <span class='ocr_line' id='line_1_26' title="bbox 481 1431 769 1472; baseline -0.007 0"><span class='ocrx_word' id='word_1_135' title='bbox 481 1432 608 1472; x_wconf 89' lang='lat' dir='ltr'>oculis</span> <span class='ocrx_word' id='word_1_136' title='bbox 640 1431 769 1471; x_wconf 82' lang='lat' dir='ltr'>fuscis.</span> 
     </span>
    </p>

    <p class='ocr_par' dir='ltr' id='par_1_12' title="bbox 425 1485 1357 1637">
     <span class='ocr_line' id='line_1_27' title="bbox 425 1485 1357 1539; baseline -0.001 -13"><span class='ocrx_word' id='word_1_137' title='bbox 425 1486 523 1526; x_wconf 68' lang='lat' dir='ltr'>Hah.</span> <span class='ocrx_word' id='word_1_138' title='bbox 542 1489 580 1526; x_wconf 85' lang='lat' dir='ltr'>in</span> <span class='ocrx_word' id='word_1_139' title='bbox 602 1490 759 1539; x_wconf 79' lang='lat' dir='ltr'>Europa</span> <span class='ocrx_word' id='word_1_140' title='bbox 778 1485 1032 1534; x_wconf 83' lang='lat' dir='ltr'>Australiori‚</span> <span class='ocrx_word' id='word_1_141' title='bbox 1061 1487 1174 1527; x_wconf 80' lang='lat' dir='ltr'>nobis</span> <span class='ocrx_word' id='word_1_142' title='bbox 1193 1488 1357 1539; x_wconf 86' lang='lat' dir='ltr'>primum</span> 
     </span>
     <span class='ocr_line' id='line_1_28' title="bbox 481 1541 1357 1595; baseline -0.001 -14"><span class='ocrx_word' id='word_1_143' title='bbox 481 1541 607 1581; x_wconf 89' lang='lat' dir='ltr'>visum</span> <span class='ocrx_word' id='word_1_144' title='bbox 654 1542 694 1581; x_wconf 87' lang='lat' dir='ltr'>in</span> <span class='ocrx_word' id='word_1_145' title='bbox 742 1541 884 1594; x_wconf 86' lang='lat' dir='ltr'>plantis</span> <span class='ocrx_word' id='word_1_146' title='bbox 924 1541 1031 1582; x_wconf 86' lang='lat' dir='ltr'>ssecis</span> <span class='ocrx_word' id='word_1_147' title='bbox 1070 1554 1093 1581; x_wconf 91' lang='lat' dir='ltr'>a</span> <span class='ocrx_word' id='word_1_148' title='bbox 1132 1542 1357 1595; x_wconf 80' lang='lat' dir='ltr'>Loeflingio</span> 
     </span>
     <span class='ocr_line' id='line_1_29' title="bbox 481 1597 716 1637; baseline 0 -1"><span class='ocrx_word' id='word_1_149' title='bbox 481 1597 716 1637; x_wconf 81' lang='lat' dir='ltr'>transmiffis.</span> 
     </span>
    </p>

    <p class='ocr_par' dir='ltr' id='par_1_13' title="bbox 428 1649 1360 1759">
     <span class='ocr_line' id='line_1_30' title="bbox 428 1649 1360 1704; baseline -0.002 -14"><span class='ocrx_word' id='word_1_150' title='bbox 428 1650 543 1702; x_wconf 78' lang='lat' dir='ltr'>Dese.</span> <span class='ocrx_word' id='word_1_151' title='bbox 603 1652 734 1692; x_wconf 84' lang='lat' dir='ltr'>Simile</span> <span class='ocrx_word' id='word_1_152' title='bbox 789 1651 1029 1704; x_wconf 82' lang='lat' dir='ltr'>praecedenti</span> <span class='ocrx_word' id='word_1_153' title='bbox 1053 1682 1065 1700; x_wconf 90' lang='lat'><em>‚</em></span> <span class='ocrx_word' id='word_1_154' title='bbox 1119 1651 1185 1692; x_wconf 85' lang='lat' dir='ltr'>sed</span> <span class='ocrx_word' id='word_1_155' title='bbox 1240 1649 1360 1702; x_wconf 86' lang='lat' dir='ltr'>duplo</span> 
     </span>
     <span class='ocr_line' id='line_1_31' title="bbox 484 1705 1358 1759; baseline -0.002 -12"><span class='ocrx_word' id='word_1_156' title='bbox 484 1707 623 1758; x_wconf 81' lang='lat' dir='ltr'>majus.</span> <span class='ocrx_word' id='word_1_157' title='bbox 661 1707 772 1745; x_wconf 77' lang='lat' dir='ltr'>Oculi</span> <span class='ocrx_word' id='word_1_158' title='bbox 809 1705 918 1746; x_wconf 83' lang='lat' dir='ltr'>fusci.</span> <span class='ocrx_word' id='word_1_159' title='bbox 939 1706 993 1746; x_wconf 85' lang='lat' dir='ltr'>Os</span> <span class='ocrx_word' id='word_1_160' title='bbox 1011 1705 1210 1759; x_wconf 83' lang='lat' dir='ltr'>pallidum.</span> <span class='ocrx_word' id='word_1_161' title='bbox 1232 1705 1358 1745; x_wconf 68' lang='lat' dir='ltr'>Fami,</span> 
     </span>
    </p>
   </div>
   <div class='ocr_carea' id='block_1_7' title="bbox 491 1762 612 1816">
    <p class='ocr_par' dir='ltr' id='par_1_14' title="bbox 491 1762 612 1816">
     <span class='ocr_line' id='line_1_32' title="bbox 491 1762 612 1816; baseline 0.017 -16"><span class='ocrx_word' id='word_1_162' title='bbox 491 1762 612 1816; x_wconf 86' lang='lat'>1938.</span> 
     </span>
    </p>
   </div>
   <div class='ocr_carea' id='block_1_8' title="bbox 519 1870 929 1912">
    <p class='ocr_par' dir='ltr' id='par_1_15' title="bbox 519 1870 929 1912">
     <span class='ocr_line' id='line_1_33' title="bbox 519 1870 929 1912; baseline -0.002 -2"><span class='ocrx_word' id='word_1_163' title='bbox 519 1872 582 1910; x_wconf 81' lang='lat' dir='ltr'>Ex</span> <span class='ocrx_word' id='word_1_164' title='bbox 614 1870 776 1912; x_wconf 81' lang='lat' dir='ltr'>Entom.</span> <span class='ocrx_word' id='word_1_165' title='bbox 811 1871 929 1910; x_wconf 75' lang='lat' dir='ltr'>Cam.</span> 
     </span>
    </p>
   </div>
   <div class='ocr_carea' id='block_1_9' title="bbox 430 1979 1361 2076">
    <p class='ocr_par' dir='ltr' id='par_1_16' title="bbox 430 1979 1361 2076">
     <span class='ocr_line' id='line_1_34' title="bbox 430 1979 1361 2031; baseline -0.001 -11"><span class='ocrx_word' id='word_1_166' title='bbox 430 1982 481 2020; x_wconf 93' lang='lat' dir='ltr'>T.</span> <span class='ocrx_word' id='word_1_167' title='bbox 514 1983 531 2031; x_wconf 89' lang='lat'>(</span> <span class='ocrx_word' id='word_1_168' title='bbox 560 1983 627 2021; x_wconf 84' lang='lat' dir='ltr'>des</span> <span class='ocrx_word' id='word_1_169' title='bbox 649 1980 800 2029; x_wconf 64' lang='lat' dir='ltr'>forets)</span> <span class='ocrx_word' id='word_1_170' title='bbox 821 1989 985 2020; x_wconf 76' lang='lat' dir='ltr'>ovatum</span> <span class='ocrx_word' id='word_1_171' title='bbox 1005 1979 1157 2030; x_wconf 79' lang='lat' dir='ltr'>album,</span> <span class='ocrx_word' id='word_1_172' title='bbox 1179 1981 1361 2021; x_wconf 80' lang='lat' dir='ltr'>antennis</span> 
     </span>
     <span class='ocr_line' id='line_1_35' title="bbox 486 2036 898 2076; baseline -0.007 0"><span class='ocrx_word' id='word_1_173' title='bbox 486 2037 613 2076; x_wconf 83' lang='lat' dir='ltr'>craffis</span> <span class='ocrx_word' id='word_1_174' title='bbox 640 2036 898 2075; x_wconf 77' lang='lat' dir='ltr'>uniarticuiis.</span> 
     </span>
    </p>
   </div>
   <div class='ocr_carea' id='block_1_10' title="bbox 431 2089 1254 2197">
    <p class='ocr_par' dir='ltr' id='par_1_17' title="bbox 431 2089 1254 2197">
     <span class='ocr_line' id='line_1_36' title="bbox 435 2089 1254 2142; baseline 0.004 -13"><span class='ocrx_word' id='word_1_175' title='bbox 435 2091 535 2130; x_wconf 72' lang='lat' dir='ltr'>Hah.</span> <span class='ocrx_word' id='word_1_176' title='bbox 561 2092 598 2130; x_wconf 79' lang='lat' dir='ltr'>irz</span> <span class='ocrx_word' id='word_1_177' title='bbox 629 2094 800 2141; x_wconf 80' lang='lat' dir='ltr'>Europa.</span> <span class='ocrx_word' id='word_1_178' title='bbox 832 2094 873 2128; x_wconf 81' lang='lat' dir='ltr'>In</span> <span class='ocrx_word' id='word_1_179' title='bbox 899 2100 1005 2129; x_wconf 81' lang='lat' dir='ltr'>terra</span> <span class='ocrx_word' id='word_1_180' title='bbox 1041 2089 1254 2142; x_wconf 70' lang='lat' dir='ltr'>sylvarum.</span> 
     </span>
     <span class='ocr_line' id='line_1_37' title="bbox 431 2144 1228 2197; baseline 0.001 -13"><span class='ocrx_word' id='word_1_181' title='bbox 431 2145 546 2195; x_wconf 75' lang='lat' dir='ltr'>Dese.</span> <span class='ocrx_word' id='word_1_182' title='bbox 574 2146 779 2185; x_wconf 81' lang='lat' dir='ltr'>Abdomen</span> <span class='ocrx_word' id='word_1_183' title='bbox 809 2144 974 2197; x_wconf 84' lang='lat' dir='ltr'>pilosum</span> <span class='ocrx_word' id='word_1_184' title='bbox 994 2174 1005 2191; x_wconf 90' lang='lat'>‚</span> <span class='ocrx_word' id='word_1_185' title='bbox 1034 2145 1228 2185; x_wconf 70' lang='lat' dir='ltr'>obtusum,</span> 
     </span>
    </p>
   </div>
   <div class='ocr_carea' id='block_1_11' title="bbox 430 2253 1358 2349">
    <p class='ocr_par' dir='ltr' id='par_1_18' title="bbox 430 2253 1358 2349">
     <span class='ocr_line' id='line_1_38' title="bbox 430 2253 1358 2305; baseline 0 -10"><span class='ocrx_word' id='word_1_186' title='bbox 430 2257 481 2295; x_wconf 90' lang='lat' dir='ltr'>T.</span> <span class='ocrx_word' id='word_1_187' title='bbox 513 2255 623 2305; x_wconf 83' lang='lat' dir='ltr'>(des</span> <span class='ocrx_word' id='word_1_188' title='bbox 677 2254 793 2295; x_wconf 70' lang='lat' dir='ltr'>fleurs</span> <span class='ocrx_word' id='word_1_189' title='bbox 836 2255 854 2303; x_wconf 92' lang='lat'>)</span> <span class='ocrx_word' id='word_1_190' title='bbox 920 2253 1070 2293; x_wconf 76' lang='lat' dir='ltr'>fulvum</span> <span class='ocrx_word' id='word_1_191' title='bbox 1097 2285 1109 2303; x_wconf 90' lang='lat'>‚</span> <span class='ocrx_word' id='word_1_192' title='bbox 1176 2256 1358 2295; x_wconf 82' lang='lat' dir='ltr'>antennis</span> 
     </span>
     <span class='ocr_line' id='line_1_39' title="bbox 488 2310 685 2349; baseline 0 0"><span class='ocrx_word' id='word_1_193' title='bbox 488 2310 685 2349; x_wconf 83' lang='lat' dir='ltr'>trinodiis.</span> 
     </span>
    </p>
   </div>
   <div class='ocr_carea' id='block_1_12' title="bbox 431 2361 1355 2418">
    <p class='ocr_par' dir='ltr' id='par_1_19' title="bbox 431 2361 1355 2418">
     <span class='ocr_line' id='line_1_40' title="bbox 431 2361 1355 2418; baseline 0.004 -15"><span class='ocrx_word' id='word_1_194' title='bbox 431 2364 528 2406; x_wconf 77' lang='lat' dir='ltr'>Hah.</span> <span class='ocrx_word' id='word_1_195' title='bbox 551 2365 588 2404; x_wconf 82' lang='lat' dir='ltr'>in</span> <span class='ocrx_word' id='word_1_196' title='bbox 608 2367 777 2418; x_wconf 83' lang='lat' dir='ltr'>Europa.</span> <span class='ocrx_word' id='word_1_197' title='bbox 801 2366 844 2405; x_wconf 87' lang='lat' dir='ltr'>In</span> <span class='ocrx_word' id='word_1_198' title='bbox 866 2362 964 2404; x_wconf 85' lang='lat' dir='ltr'>flore</span> <span class='ocrx_word' id='word_1_199' title='bbox 986 2363 1064 2404; x_wconf 86' lang='lat' dir='ltr'>allii</span> <span class='ocrx_word' id='word_1_200' title='bbox 1084 2364 1199 2404; x_wconf 80' lang='lat' dir='ltr'>ursini</span> <span class='ocrx_word' id='word_1_201' title='bbox 1217 2361 1355 2407; x_wconf 73' lang='lat' dir='ltr'>visum,</span> 
     </span>
    </p>
   </div>
  </div>
 </body>
</html>
