1601 2920
179 97 255 150 548
394 99 915 138 IL12USTP„AT10NES.
946 96 1226 151 Tviyrmeleon:

491 210 531 247 N

562 209 593 247 E
628 209 663 247 U
693 209 729 246 R
761 209 798 247 O
828 209 859 247 P
889 208 926 247 T
955 209 987 246 E
1017 209 1056 247 R
1086 207 1140 248 A.

706 306 923 359 Libellum.

208 424 413 491 Depreffa.
449 439 483 483 5.
512 432 559 470 L.
594 429 685 480 Obs.
714 422 847 468 larva
889 430 929 469 in
972 428 1094 470 humo
1127 429 1334 483 spongiosa
1367 431 1445 471 ini-0

209 768 393 810 Grandis.
425 776 464 820 9.
495 767 542 805 L.

169 1875 468 1921 Libelluloides.
501 1885 521 1915 1
530 1904 539 1915 .

556 485 742 539 palpabili
800 485 928 524 lutosa
978 487 1126 539 degens
1179 487 1403 539 tardigrada
1433 517 1446 535 ,

556 557 620 581 ore
639 540 790 581 bivalvi
805 571 815 588 ‚
836 540 965 580 valvis
981 540 1269 581 virescentibus
1282 573 1293 589 ‚
1319 541 1445 581 rostro

553 597 704 637 inflexo
737 595 974 646 maxilloso‚
1008 597 1211 634 abdomine
1248 598 1412 650 trigono
1433 627 1446 646 ,

547 654 688 704 fizbtus
703 651 949 692 fulvescente
962 652 1143 703 ,pedibus
1158 651 1314 692 ciliatis.
1329 652 1444 704 Scop„

581 763 671 813 Obs.
724 762 910 817 Quisquis
960 762 1026 802 sua
1071 762 1282 814 specimina
1327 761 1443 804 aliter

551 819 739 860 describit
779 819 816 859 &
860 819 1035 870 qualibet
1084 819 1202 858 icone
1250 818 1444 872 fingulare

555 876 670 929 quid,
692 888 767 913 nec
788 876 943 914 caeteris
970 875 1173 927 proprium
1193 873 1444 914 observatur.

552 932 756 972 Interdum
823 929 938 968 larva
1008 931 1144 968 eadem
1182 960 1195 978 ,
1259 929 1447 970 nascendi

551 998 705 1038 tempus
735 986 835 1024 idem
870 998 1026 1037 unaque
1062 984 1213 1036 semper
1241 985 1278 1025 ὅ(
1306 986 1445 1025 eadem

550 1042 763 1095 proportio
794 1042 976 1092 partium.
1020 1041 1226 1092 Specimen
1269 1039 1443 1080 nostrum

551 1098 686 1137 exaehe
711 1096 954 1135 denuncians
978 1096 1189 1148 descriptio
1210 1095 1316 1134 nulla
1337 1095 1443 1135 huc-

550 1152 672 1205 usque
728 1153 816 1190 data
853 1181 865 1200 ,
927 1165 1014 1190 cum
1068 1161 1200 1190 tamen
1251 1152 1440 1190 abdomen

552 1218 667 1262 gerat
704 1216 952 1246 attenuatum
979 1220 1030 1246 ex
1059 1205 1142 1245 lato
1168 1207 1364 1258 principio
1400 1216 1444 1246 ut

553 1267 599 1304 L.
621 1261 958 1316 qicaa’rimaculata
976 1293 988 1311 ‚
1011 1261 1216 1302 thoracem
1242 1262 1445 1302 abdomini

554 1318 814 1360 concolorem
833 1318 1122 1370 hirsutumque,
1140 1327 1184 1356 ut
1202 1321 1242 1355 L.
1255 1318 1417 1368 grandis
1430 1347 1443 1366 ‚

553 1373 802 1425 maculasque
829 1373 952 1412 flavas
985 1373 1280 1421 abdominales‚
1321 1383 1363 1411 ut
1395 1375 1441 1412 L.

545 1430 747 1484 j‘orcipata
767 1445 782 1481 ,·
814 1431 917 1468 unde
932 1442 1009 1483 ego
1026 1428 1116 1468 sane
1134 1428 1269 1481 judico
1291 1427 1442 1479 species

553 1485 700 1537 spurias
743 1485 782 1523 in
833 1485 911 1524 hoc
956 1497 1103 1537 genere
1152 1483 1217 1523 vel
1263 1483 1441 1523 admissas

552 1539 663 1580 fuisse
686 1570 696 1586 ,
736 1540 799 1580 vel
841 1553 974 1579 earum
1015 1539 1212 1584 historiam
1244 1540 1293 1578 de
1327 1552 1438 1579 novo

552 1595 818 1635 inchoandam
840 1624 850 1638 ,
878 1609 965 1634 cum
1002 1595 1236 1634 differentiae
1268 1608 1290 1633 a
1317 1595 1437 1635 colo-

550 1652 658 1691 ribus
683 1653 820 1705 petitae
845 1663 929 1690 non
963 1649 1169 1690 sufficiant.
1199 1649 1315 1700 Scop.

679 1762 943 1816 ,Myrmeleom

572 1876 635 1914 M.
672 1873 764 1923 Obs.
801 1872 947 1913 Nostra
982 1872 1193 1926 specimina
1225 1873 1363 1913 Brutia
1389 1876 1439 1915 ad

548 1930 715 1984 figuram
743 1928 798 1968 D.
827 1931 872 1968 de
907 1927 1017 1967 Geer*
1051 1930 1087 1969 &
1128 1930 1441 1983 magnitudinem

547 1985 686 2040 figurae
705 1984 930 2035 D.Sulzers
951 1994 1134 2036 aequant,
1149 1986 1288 2024 colore
1306 1995 1439 2024 autem

552 2040 707 2081 diversa
742 2039 860 2089 sunt;
888 2053 977 2078 nam
1008 2040 1083 2079 alae
1118 2039 1292 2092 hyalinae
1318 2040 1436 2093 nigro

550 2099 747 2151 punciatae
783 2096 820 2135 81
851 2094 1057 2135 maculatae
1116 2095 1218 2134 sunt.
1284 2093 1437 2144 Corpus

549 2153 732 2206 nigrum,
763 2150 950 2190 hirsutum
989 2160 1116 2191 toturn
1140 2181 1151 2198 ‚
1193 2151 1315 2189 cauda
1346 2149 1436 2189 for-

551 2208 682 2260 cipata
705 2238 716 2256 ,
754 2208 861 2245 unde
892 2206 960 2245 nisi
1005 2218 1150 2245 novam
1195 2205 1437 2245 constituent

546 2263 717 2316 speciem
739 2292 751 2310 ,
787 2274 859 2314 pro
898 2261 1036 2314 insigni
1072 2261 1208 2300 saltem
1238 2263 1437 2301 varietate

549 2313 745 2357 habenda.
778 2316 833 2356 D.
872 2317 1041 2355 Vincenc
1071 2316 1238 2366 Petagn.
1267 2315 1436 2370 speciem

550 2373 685 2414 infeci.
717 2372 848 2415 Ulter.
880 2371 1039 2414 Calabr.
1067 2388 1106 2414 n.
1135 2382 1225 2425 149.
