1647 2931
281 98 359 152 318

510 100 853 143 ILLUSTRATJ
870 112 1027 144 οΝΕς.
1058 102 1313 157 Pyrochroa.·

599 212 878 266 Pyrochroam
904 213 961 254 D.
995 213 1118 266 Geqffl
1140 228 1223 256 non
1253 215 1406 257 citavit.
1425 217 1544 259 Lina,

600 267 840 321 Pyrochroa
880 268 936 308 D.
965 267 1089 321 Geoff.
1122 269 1311 324 lampyris
1352 274 1544 314 coccinea

656 323 756 376 Syst.
790 326 894 376 apud
929 323 985 363 D.
1025 324 1124 364 Fab.

605 406 874 420 .......
905 379 1106 420 cantharis
1131 379 1407 431 pedinicornis
1445 382 1542 423 teste

656 432 717 474 D.
749 435 794 473 de
825 432 939 474 Geer.

600 496 616 532 Τ.
649 518 876 530 ......
903 489 1053 542 species
1084 492 1246 544 propria
1279 490 1348 532 sub
1380 494 1544 534 nomine

550 542 555 546 ⁴
651 544 894 597 pyrochroae
916 546 1091 596 satrapae
1116 547 1156 585 in
1178 549 1319 586 Enum.

602 599 694 651 obs.
716 611 752 640 1.
791 603 835 639 In
857 600 1089 640 cantharide
1109 602 1357 652 pedinicorni
1393 616 1534 654 caput⁹

652 669 789 707 corpus
808 656 1058 705 &scutellum
1087 657 1199 710 nigra
1217 687 1229 706 ‚
1253 658 1293 696 in
1310 659 1540 710 pyrochroa

650 710 711 750 D.
756 709 878 764 Geoffi
916 711 1076 764 ignita,
1114 724 1199 751 non
1238 714 1376 753 eadem
1417 714 1541 768 igitur

652 764 814 807 inseaa.
1335 780 1338 783 ·

595 819 694 872 obs.
722 831 764 862 2.
815 823 861 861 In
908 820 1078 861 secunda
1125 821 1304 872 Mantiffl
1333 824 1381 862 ad
1409 836 1540 876 pyro-

650 875 797 917 chroas
836 876 961 916 relata
1005 875 1081 916 fuit
1128 878 1329 917 cantharis
1371 879 1540 930 pedini„

650 932 780 971 cornis
808 930 924 971 Linrz.
965 931 1091 984 major
1130 935 1176 971 L.
1217 934 1406 973 coccinea.
1439 934 1541 973 Arz-

649 997 779 1026 eennae
797 988 921 1041 nigrae
943 986 1060 1027 valde
1078 988 1286 1040 pectinata-ie
1312 997 1380 1028 aut
1403 990 1539 1042 potius

648 1039 877 1082 flabellatae.
914 1040 1038 1093 Caput
1067 1051 1209 1083 atrum.
1229 1041 1390 1082 Τάον-αα·
1420 1043 1538 1084 refla-

586 1139 593 1144 ,
646 1109 744 1137 ceus
757 1127 769 1146 ,
787 1095 940 1137 macula
954 1097 1085 1138 media
1102 1107 1202 1138 atra.
1218 1097 1364 1151 Elytrcz
1378 1098 1514 1152 glabra
1527 1127 1541 1150 2

649 1151 823 1192 testacea
843 1182 856 1201 ‚
884 1152 1148 1193 immaculata.
1180 1151 1332 1204 Corpus
1359 1164 1502 1194 atrum.

601 1207 691 1258 Obs.
717 1218 754 1261 3.
791 1207 1002 1247 Cantharis
1025 1208 1294 1259 pec't'inicornis
1327 1208 1444 1249 Linrz.
1465 1208 1541 1248 sta,

647 1272 739 1304 tura
772 1262 959 1316 lampyris
989 1264 1246 1315 sanguineae,·
1277 1277 1375 1318 ergo
1410 1265 1539 1304 minor

647 1319 766 1371 lamp.
787 1320 961 1358 coccinea
983 1320 1020 1360 ὃς
1038 1331 1120 1358 non
1140 1317 1280 1371 major.
1301 1319 1539 1372 Pyrochroa

649 1385 673 1427 3
719 1386 839 1413 novae
885 1372 1081 1424 Mantiffie
1120 1375 1281 1413 videtur
1326 1374 1537 1427 pyrochoa

640 1441 878 1480 purpurata.
909 1428 965 1469 D.
993 1429 1187 1468 Sclzrarzk.
1217 1431 1261 1468 In
1279 1429 1406 1468 Gallia
1423 1429 1536 1469 Aust,

649 1494 818 1536 utraque
837 1483 985 1535 species
1003 1483 1337 1537 descriptionique
1362 1483 1535 1537 ejusdem

647 1538 926 1591 Entomologis
954 1537 1186 1579 conformis.
1240 1555 1243 1563 ³

590 1597 690 1649 Pyr.
709 1605 936 1645 purpurata»
966 1595 1064 1644 desc.
1084 1594 1210 1634 Color
1231 1594 1364 1634 infesti
1392 1595 1538 1635 aterri-

648 1662 747 1690 mus.
773 1648 897 1700 Caput
919 1651 1139 1689 cordatum.
1169 1649 1331 1689 Lahium
1359 1648 1537 1703 superius

644 1718 860 1758 magnum,
912 1704 1067 1757 reliquo
1109 1706 1239 1757 capite
1276 1705 1527 1758 depreffius;

645 1760 790 1800 labium
806 1759 971 1800 inferius
989 1759 1150 1799 dimidio
1170 1760 1330 1800 brevius
1347 1790 1360 1809 ‚
1384 1772 1534 1813 corpo*-

643 1816 753 1856 ribus
785 1815 940 1855 duobus
958 1843 970 1861 ,
1007 1825 1113 1866 quae‘
1134 1816 1244 1866 palpz'
1288 1814 1498 1855 inferiores
1519 1843 1535 1864 ‚

643 1870 953 1911 membranaceis
972 1869 1087 1910 fuscis
1108 1901 1120 1919 ‚
1144 1871 1256 1922 apice
1277 1870 1531 1910 denticulatis

640 1925 847 1975 instrusta3
867 1926 975 1977 palpi
991 1924 1214 1977 superiores
1231 1926 1328 1974 atri,
1355 1935 1529 1973 teretes,

644 1982 758 2034 apice
782 1981 902 2020 rubri.
925 1979 1112 2020 Maxillae
1129 1989 1221 2020 ante
1240 1981 1391 2032 apicem
1410 1979 1530 2020 fascia

644 2037 852 2077 coccinea.
882 2035 1084 2075 Antennae
1126 2036 1361 2089 pectinatae‚
1391 2036 1529 2074 decem

643 2091 868 2133 articulatae
887 2106 894 2130 :
917 2090 1105 2131 articulus
1121 2092 1266 2144 primus
1279 2091 1316 2131 ὅ(
1334 2091 1528 2130 secundus

645 2147 714 2199 qui
740 2148 859 2187 etiam
886 2146 1047 2199 reliquis
1095 2146 1285 2193 brevior,
1324 2143 1532 2185 cuneifor-

645 2216 759 2251 mes,
787 2202 927 2242 tertius
963 2204 1083 2242 dente
1119 2203 1278 2241 modico
1325 2201 1365 2240 in
1403 2199 1529 2239 latere

643 2258 853 2304 interiori,
873 2257 1114 2310 reliquorum
1133 2256 1316 2297 dentibus
1342 2254 1528 2295 succffive

645 2312 862 2364 majoribus
881 2343 892 2362 ‚
933 2312 1098 2366 septimo
1116 2341 1128 2358 ‚
1171 2313 1315 2354 octavo
1333 2340 1346 2359 ‚
1385 2321 1527 2354 nono,

646 2368 802 2411 decimo
843 2381 992 2411 ramum
1025 2368 1188 2421 longum
1223 2364 1523 2413 emitteittibu55
