1647 2931
271 123 334 188 96
536 134 782 180 lasne-u
809 138 1060 181 Ana-mm.
1090 140 1270 185 Araneat

653 248 860 303 longiores
871 280 884 300 ,
899 261 1070 304 quatuor
1082 252 1306 294 intermedii
1319 251 1548 298 breviores:

659 304 775 344 Oculi
808 306 889 346 duo
920 308 1072 357 lucidi,
1106 308 1174 349 alii
1200 309 1320 362 nigri.
1346 312 1400 351 V.

605 355 726 409 Dese.
743 358 843 400 Tota
864 369 962 401 atra.
995 362 1118 402 Pedes
1146 362 1321 404 testacei.
1340 365 1549 404 Abdomen

659 414 868 468 globosum
886 446 898 465 ‚
928 416 1106 471 glabrum
1126 447 1138 466 ‚
1166 419 1361 468 nitidum,
1397 421 1549 472 punfiis

659 470 816 510 duobus
836 484 918 511 non
937 472 1128 512 coloratis
1149 485 1171 512 a
1192 482 1308 526 tergo
1339 474 1379 513 in
1413 476 1552 515 medio

656 524 845 576 impreffis
877 536 1088 577 notatum,
1122 529 1157 568 δι
1189 528 1215 567 s1
1248 528 1372 580 probe
1405 538 1549 569 atten-

657 580 753 628 das,
782 580 867 620 aliis
893 581 1022 622 adhuc
1053 582 1235 632 duobus,
1262 583 1395 635 paullo
1430 593 1548 624 ante-

654 634 856 685 rioribus,
886 637 952 677 sed
980 637 1214 677 minoribus.
1249 640 1284 677 A
1317 640 1446 691 capite
1476 651 1548 691 per

656 690 854 729 thoracem
874 692 909 732 ὅ(
925 693 1113 730 abdomen
1137 693 1294 732 ducitur
1311 692 1415 732 linea
1441 695 1548 734 inter

658 745 891 796 pundtorum
922 747 1029 799 paria
1060 748 1110 786 ad
1151 758 1268 786 anum
1310 747 1431 799 usque
1462 748 1546 790 sore

661 799 753 839 dide
780 800 961 842 testacea.
992 800 1119 842 Faun.
1150 811 1270 856 1997.
1462 832 1465 833 γ

608 850 699 903 Obs·
733 855 852 895 Oculi
884 855 1126 908 subaequales
1164 858 1205 896 in
1247 857 1436 908 quadrum
1463 854 1548 895 dis-

661 909 775 962 positi
807 910 895 949 sunt
933 913 1094 963 duoque
1136 912 1323 965 utrinque
1361 909 1549 952 laterales

659 963 983 1019 conspicuuntur.
1012 969 1066 1008 V.

278 1071 515 1115 'Arundina-
543 1084 586 1126 7.
616 1074 671 1116 A.
701 1078 719 1126 (
746 1076 814 1117 des
842 1077 1048 1127 roseaux)
1076 1077 1287 1117 abdomine
1309 1073 1554 1132 subgloboso

305 1141 393 1174 cea.
663 1130 783 1180 albo,
817 1133 980 1172 maculis
1010 1132 1136 1173 dilute
1165 1132 1298 1173 fuscis.
1327 1135 1347 1153 '⁸

609 1185 733 1228 Faun.
768 1186 895 1226 Fridr.
930 1204 970 1228 n.
1000 1187 1094 1241 827.

610 1239 712 1281 Hah.
739 1242 776 1280 in
809 1244 1042 1283 arundinum
1069 1241 1276 1296 paniculis.

607 1295 724 1346 Dese.
748 1296 809 1337 Est
837 1299 943 1338 inter
973 1299 1148 1338 minores
1175 1297 1332 1351 generis
1360 1295 1430 1336 sui.
1458 1295 1554 1336 Ab..

663 1353 800 1390 domen
834 1353 1004 1393 albidum
1035 1354 1198 1392 maculis
1222 1352 1304 1392 fere
1327 1361 1370 1391 ut
1395 1352 1551 1400 domes„

661 1407 779 1453 ticae,
825 1407 890 1447 sed
931 1407 1185 1447 dilatioribus
1230 1408 1267 1446 ὅ(
1309 1408 1432 1459 magis
1469 1405 1552 1444 dis-

661 1461 810 1501 tinais.
853 1461 1014 1501 Thorax
1066 1462 1212 1501 lividus
1259 1461 1339 1500 five
1384 1460 1551 1515 griseus.

666 1513 791 1567 Caput
821 1515 934 1570 supra
961 1530 1116 1557 canum.
1148 1516 1274 1556 Faun.
1305 1516 1424 1569 1998.

310 1620 526 1678 Angulata.
548 1621 589 1664 8.
620 1624 674 1664 A.
705 1627 724 1675 (
749 1624 980 1679 l'angulaire
1006 1628 1024 1677 )
1053 1625 1264 1665 abdomine
1291 1633 1444 1675 ovato,
1471 1636 1550 1666 ane

661 1680 741 1720 tice
780 1680 970 1721 lateribus
1001 1680 1360 1734 angulato-acuto.
1386 1681 1407 1700 '⁵
1458 1721 1470 1727 ρ

609 1732 665 1774 It.
703 1733 811 1775 Gotl.
835 1735 930 1776 216.

613 1787 766 1830 Clerck.
801 1805 916 1830 aran.
955 1801 1022 1830 22.
1053 1801 1083 1830 t.
1110 1800 1148 1831 1.
1173 1790 1212 1842 f.
1242 1798 1278 1829 1.

609 1842 704 1884 Fab.
734 1855 800 1884 20.
836 1845 1046 1885 abdomine
1079 1854 1236 1891 ovato,
1275 1842 1407 1883 antice
1444 1840 1554 1881 late-

665 1900 774 1940 ribus
807 1901 955 1954 angulo
998 1908 1151 1950 acuto,
1196 1898 1374 1938 thoracis
1408 1906 1552 1938 centro

665 1965 880 1996 excavato.
1176 1964 1179 1968 ’

608 2007 673 2049 De
726 2008 827 2049 Geer
868 2022 962 2050 tom.
985 2021 1026 2062 7.
1076 2026 1118 2062 p.
1142 2019 1237 2048 221.
1282 2018 1377 2046 n.2.
1416 2016 1447 2045 t.
1471 2016 1554 2046 ια..

658 2065 700 2118 f-
730 2074 781 2112 Ι,
832 2077 872 2105 2.
924 2065 1117 2113 retiaria‚
1174 2062 1384 2103 abdomine
1427 2068 1555 2122 oya-to

666 2121 784 2173 nigro
799 2148 812 2167 ,
835 2120 949 2172 supra
967 2119 1185 2161 tuberculis
1205 2118 1358 2171 magnis
1382 2126 1550 2156 con1c1s.

613 2174 756 2214 Enum.
783 2189 822 2213 η.
848 2185 966 2227 1094.

295 2255 1549 2281 ——---—-———-———-—---

287 2315 400 2352 Penes
422 2317 455 2349 in
480 2318 603 2359 pulpis,
626 2315 727 2349 vulva:
751 2318 793 2346 ad
815 2318 939 2347 axillas
953 2337 963 2354 ‚
983 2315 1138 2354 ancipitia
1165 2313 1316 2361 conjugia
1330 2334 1340 2350 ‚
1363 2310 1414 2340 ubi
1429 2306 1558 2358 repulsa

331 2361 360 2391 Gr
380 2370 510 2400 peracta
528 2384 538 2401 ‚
561 2372 626 2392 cum
657 2359 800 2402 periculo
827 2361 900 2389 vita
921 2356 1023 2396 fiant.
1043 2357 1148 2401 Palpis
1174 2359 1313 2389 claraus
1329 2366 1426 2389 mares
1450 2355 1530 2393 „lunt
1547 2372 1560 2393 9

319 2407 472 2448 adeoque
488 2404 588 2446 sexus
601 2430 611 2447 ,
643 2415 697 2438 nec
712 2402 832 2445 speciei
856 2400 1057 2446 differentiae.
