1647 2931
195 175 499 216 Pnuosol’.
533 173 1138 215 EnroM01.EP1‘r0ME.
1179 172 1342 215 clxxxix

630 283 781 324 Artas.

84 396 210 436 'Attus
248 394 405 435 thoraci
437 394 715 445 abdominique
756 391 1006 431 adhaerentes
1050 389 1138 431 sunt
1180 392 1343 443 cauda,‘

141 449 298 489 aculeus
317 480 329 499 ‚
359 452 478 502 pedes
501 479 512 498 ‚
542 449 636 495 alae,
669 447 840 486 halteres
858 475 870 493 ‚
900 447 1089 498 peffineS.

83 503 186 543 Usus
216 500 347 543 caudit
376 505 423 543 ad
452 516 530 544 ova
559 503 741 556 ponenda
761 531 773 549 ‚
806 502 854 540 ad
881 510 1030 540 motum
1062 500 1342 553 dirigendum,

140 560 208 597 vix
239 572 408 611 unquam
437 561 485 597 ad
515 557 794 597 defenfionem.

85 612 259 652 Aculeus
278 614 469 653 abdomen
492 612 705 652 terminans
721 641 733 659 ,
763 609 931 649 bivalvis
956 609 1074 650 setam
1100 610 1342 662 punemriam

141 668 305 721 rigidam
323 667 519 708 exserens·
547 666 852 720 Hymenopteris
870 666 1050 718 proprius
1066 695 1078 715 ,
1097 663 1344 718 distinguitur

142 734 164 760 a
185 723 308 762 cauda
326 752 337 771 ‚
365 721 489 775 figura
508 753 519 771 ‚
551 720 724 761 valvulis
744 750 756 769 ‚
791 719 873 759 usu.

91 777 189 826 Usus
234 778 282 816 ad
325 777 589 816 defenfionem
616 806 628 826 ‚
666 774 860 828 plerisque
903 775 951 813 ad
996 786 1077 814 ova
1122 774 1344 827 ponenda,

144 832 328 883 imprimis
355 832 419 870 ubi
443 830 620 870 exesrtus
646 830 713 870 est.

91 885 215 924 Pedes
248 887 295 925 ad
330 886 561 925 celeriorem
591 894 741 924 motum
771 884 1054 934 arffioremque
1085 881 1345 922 adhaefionem

143 941 293 993 pefflori
319 941 593 994 abdominique
623 938 757 990 affixi3
789 938 968 979 constant
999 952 1128 986 coxa,
1163 936 1314 977 femore
1332 965 1349 987 ,

144 994 241 1035 tibia
261 1025 273 1044 ,
302 994 420 1037 tars0.

89 1050 250 1090 Marum
279 1051 397 1102 pedes
430 1050 649 1090 anteriores
683 1048 819 1103 saepius
845 1049 893 1088 ad
922 1047 1127 1088 ard‘tiorem
1163 1045 1344 1100 copulam

146 1104 336 1157 elongati.

93 1158 203 1198 Coxa
229 1159 376 1198 thoraci
401 1169 469 1198 aut
492 1159 637 1211 peHori
669 1172 840 1198 annexa.

92 1213 233 1253 Femur
252 1243 266 1262 ‚
306 1213 483 1266 superior
505 1214 691 1254 articulus
725 1215 865 1266 pedum
896 1213 1121 1253 annefftens.

92 1268 233 1307 Femur
259 1282 345 1308 cum
375 1280 474 1308 coxa
502 1269 747 1309 articulatur.

95 1321 207 1361 Tibia
225 1353 239 1370 ,
268 1324 406 1362 tertius
437 1325 543 1375 pedis
575 1323 763 1364 articulus
787 1323 889 1362 inter
920 1322 1044 1362 femur
1069 1323 1106 1362 &
1134 1318 1293 1362 tarsum.

97 1376 260 1427 Tarsia,
286 1378 514 1431 plerumque
532 1378 784 1427 articulatus,
804 1379 941 1429 pedem
970 1378 1169 1417 terminat.
1199 1378 1237 1414 A
1265 1389 1346 1416 nu·-

147 1445 256 1472 mero
304 1433 444 1471 horum
484 1433 741 1473 articulorum
782 1432 870 1472 tarfi
913 1433 1072 1472 ordines
1112 1431 1346 1471 insefiorum

149 1487 326 1528 desumfit
351 1488 408 1527 D.
436 1486 556 1540 Geoffi

91 1540 190 1581 ‘Alae
211 1543 258 1581 ad
287 1542 518 1582 celeriorem
548 1541 678 1595 fugam
707 1541 861 1582 thoraci
887 1541 1012 1581 affixae
1043 1541 1164 1592 sunt3
1194 1540 1219 1580 fi
1240 1539 1348 1582 crus-¹

153 1606 276 1636 taceae
295 1626 307 1646 ,
345 1596 472 1649 elytra
491 1612 507 1647 ‚·
540 1600 564 1636 11
599 1597 737 1636 molles
757 1627 769 1645 ‚
799 1598 870 1636 alae
899 1607 1114 1638 vocantur.

96 1651 241 1703 Elytra
265 1680 279 1698 ,
309 1651 380 1691 alae
421 1651 523 1690 binae
562 1651 781 1703 superiores
818 1682 829 1700 ‚
875 1651 1083 1692 crussaceae
1108 1679 1121 1697 ,
1153 1650 1348 1690 abdomen

152 1715 307 1757 tegunt.
342 1709 385 1745 In
416 1705 640 1757 quibusdam
673 1706 846 1746 claffibus
876 1715 1050 1746 connata
1077 1705 1165 1745 sunt
1191 1706 1228 1746 &
1252 1715 1349 1745 tunc

152 1760 225 1799 alae
255 1760 412 1812 posticae
444 1762 480 1800 ὃ(
509 1760 710 1800 scutellum
737 1761 889 1800 desunt.

96 1814 193 1854 ‘Alae
234 1814 541 1854 membranaceae
579 1815 756 1855 nervosae
805 1817 843 1854 in
890 1814 1146 1868 lepidopteris
1183 1814 1350 1867 squamis

150 1870 317 1918 erectis,
349 1870 538 1909 coloratis
570 1879 772 1923 teguntur.

96 1922 275 1962 Halteres
317 1925 535 1963 rudimenta
567 1925 714 1963 alarum
746 1924 977 1977 posticarum
1014 1924 1081 1964 sub
1112 1924 1183 1964 alis
1214 1925 1349 1978 dipte-

154 1990 285 2016 rorum
321 1978 498 2018 conflant
528 1989 594 2018 aut
626 1979 800 2032 capitulo
833 1981 1026 2031 penfflato
1047 2008 1057 2024 ‚
1096 1990 1163 2019 aut
1195 1979 1356 2031 squama

151 2033 447 2072 membranacea
485 2032 694 2074 fornicata.
730 2035 829 2074 Usus
853 2037 900 2074 ad
921 2035 1182 2087 aequilibrium
1212 2035 1352 2075 melius

151 2086 436 2126 observandum
470 2089 642 2127 videtur.

97 2140 272 2180 Pedines
299 2142 377 2180 bini
403 2143 506 2181 inter
524 2142 717 2182 abdomen
740 2145 776 2184 ὅ(
805 2145 937 2196 peetus
966 2144 1196 2196 adhaerent,
1222 2143 1352 2186 altero

156 2194 280 2238 latere
305 2197 457 2238 dentati
481 2196 583 2238 sunt.
616 2199 716 2240 Usus
742 2199 868 2241 adhuc
900 2199 1016 2254 plane
1047 2199 1158 2242 latet.
