1647 2931
276 90 796 162 ILLUSTRATIONEE.
827 122 1075 176 Pyrocliroa,
1230 139 1307 183 319

442 230 670 271 undecimus
707 230 961 285 cylindricus.
999 233 1088 274 Post
1125 246 1315 280 antennas

436 286 537 323 oculi
585 284 819 327 reniformes
847 318 859 337 ‚
906 289 1128 331 transversi.
1180 295 1310 347 Regio

436 338 542 379 inter
561 340 701 380 oculos
727 342 983 394 antennisque
1009 344 1075 383 sita
1091 375 1103 393 ,
1123 346 1311 399 cujusque

435 395 541 445 quali
570 396 609 434 in
640 396 793 449 angulis
812 398 910 436 dista
929 398 1098 438 membra
1116 400 1183 439 sita
1199 402 1313 450 sunt,

436 450 663 502 depreffior.
704 449 855 489 Collum
883 452 987 491 inter
1012 463 1128 504 caput
1155 455 1192 494 &
1216 457 1314 495 tho-

435 517 569 544 racem
598 514 738 545 atrum.
758 504 796 544 T
795 507 919 544 lzorax
947 506 1029 546 fere
1056 508 1315 560 orbicularis,

439 560 572 598 medio
622 558 730 599 sulco
785 559 1010 600 laeviusculo
1050 562 1087 601 ὃ(
1133 564 1317 616 utrinque

436 614 582 665 punclo
630 624 825 655 excavato
854 643 867 662 ‚
920 615 1056 655 colore
1113 617 1316 670 eleganter

439 667 592 717 rubro,
621 669 726 708 inter
753 671 910 709 rubrum
941 683 1144 710 commune
1175 673 1209 712 ὅ(
1248 673 1316 725 ig-

446 735 595 772 neum,
622 724 885 774 intermedi03
931 736 1034 763 totus
1077 725 1163 776 pilis
1201 726 1317 777 hujus

445 777 595 817 coloris
620 778 873 818 minutiffimis
892 809 903 827 ,
928 778 1170 819 subtiliffimis
1186 810 1198 828 ‚
1218 782 1318 820 den-

444 832 586 872 fiffimis
620 832 743 872 testus
764 863 776 883 ‚
803 835 907 872 unde
934 833 1082 873 sericeo
1109 834 1319 887 splendore

440 888 558 927 nitet.
591 887 724 925 Peaus
751 896 889 927 atrum.
911 887 1054 940 Elytra
1082 888 1249 940 ejusdem
1271 903 1318 929 ac

443 942 585 981 thorax
624 941 772 981 coloris
793 970 806 988 ,
837 942 977 981 eodem
1003 941 1152 981 sericeo
1185 943 1321 995 splen-

443 998 542 1036 dore
581 996 764 1037 nitentia.
807 997 951 1035 Pedum
995 998 1207 1035 anticorum
1232 998 1321 1038 rarii

443 1050 559 1090 lobos
581 1051 764 1103 utrinque
791 1060 983 1104 quatuor,
1017 1050 1099 1103 post
1126 1064 1222 1103 quos
1249 1065 1323 1091 un-

445 1107 532 1158 guis
559 1104 804 1155 bifurcatus,
835 1116 874 1146 at
907 1107 1032 1156 postici
1057 1115 1138 1145 tres
1170 1115 1319 1147 tantum

443 1170 601 1213 gerunt.
626 1160 720 1198 Ala·
746 1160 978 1214 fuliginosae.

398 1214 491 1264 ΟΜΖ
521 1226 561 1266 4.
601 1218 645 1254 In
688 1215 825 1255 nostris
862 1216 1041 1268 punstum
1082 1215 1238 1256 rubrum
1278 1217 1322 1257 im

448 1270 637 1322 occipite.
670 1271 868 1322 Sequente
891 1272 1016 1310 rarior
1037 1270 1320 1323 majorque.v‚

391 1323 582 1376 satrapa.
623 1324 748 1364 Color
775 1326 992 1365 aterrimus.
1025 1324 1147 1375 Caput
1178 1327 1322 1365 corda·-

450 1390 531 1419 tum
561 1410 574 1428 ‚
623 1379 735 1432 supra
785 1379 962 1431 infraque
1010 1380 1117 1432 ignei
1159 1380 1322 1420 coloris,

449 1436 648 1474 Strustura
676 1434 868 1474 labiorum
889 1434 1167 1487 palporumque
1182 1465 1193 1483 ‚
1217 1444 1259 1473 ut
1282 1436 1323 1473 in

447 1492 597 1543 priore.
624 1489 740 1539 Palpi
768 1489 988 1542 superiores
1016 1490 1089 1527 toti
1117 1491 1204 1528 atri.
1235 1489 1326 1527 Arz-

450 1556 579 1584 tennae
625 1553 719 1583 atrae
743 1572 755 1590 ‚
807 1544 979 1583 articulis
1031 1543 1152 1582 tribus
1192 1544 1324 1595 primis

449 1597 759 1640 cuneiformibus
797 1629 809 1647 ‚
849 1599 1019 1637 secundo
1074 1598 1321 1646 breviffimo,

451 1663 596 1706 quarto
618 1666 766 1693 ramum
787 1653 946 1705 longum
964 1653 1169 1692 emittente
1184 1683 1196 1700 ‚
1219 1653 1324 1703 quod

449 1710 489 1750 &
519 1708 661 1760 reliqui
691 1709 832 1748 deinde
865 1707 996 1747 facere
1029 1716 1227 1759 pergunt,
1259 1705 1326 1746 sed

450 1764 683 1803 undecimus
722 1766 843 1803 teres.
871 1762 982 1800 Oculi
1008 1762 1115 1811 atri,
1149 1759 1328 1800 renifor-

453 1831 566 1867 mes,
607 1818 654 1857 ab
706 1817 887 1859 antennis
937 1816 1087 1869 magis,
1130 1828 1242 1867 quam
1283 1816 1327 1856 in

451 1873 586 1926 priore
629 1873 758 1926 specie
800 1872 973 1920 remoti,
1008 1884 1086 1909 una
1120 1869 1176 1910 sui
1217 1879 1330 1922 parte

450 1937 606 1967 tantum
622 1929 661 1968 in
678 1928 878 1979 superiore
893 1926 1031 1979 capitis
1042 1925 1116 1964 siti.
1134 1927 1178 1964 In
1197 1923 1330 1964 fronte

454 1982 575 2023 fovea
626 1981 876 2036 ampliuscula
897 2012 909 2030 ,
962 1988 1079 2033 caput
1133 1988 1330 2019 mortuum

458 2037 816 2090 repraesentatnra‚
850 2037 875 2078 fi
905 2035 1031 2084 effer,
1061 2036 1165 2086 quod
1194 2034 1336 2073 oculo-

456 2106 545 2133 rum
580 2091 773 2132 foramina
812 2091 994 2131 referret.
1022 2088 1181 2129 leorax
1210 2088 1334 2127 struc-

460 2157 552 2188 tura
591 2148 734 2200 prioris
761 2176 775 2196 ‚
820 2144 887 2186 sed
932 2155 1010 2184 tam
1052 2144 1133 2197 ipse
1159 2174 1173 2193 ,
1220 2155 1334 2194 quam

457 2203 629 2256 peetoris
656 2202 779 2242 latera
796 2231 809 2251 ‚
854 2201 961 2254 ignei
1000 2199 1146 2239 coloris
1164 2227 1176 2244 ,
1205 2197 1335 2235 sterno

460 2267 564 2297 atro.
626 2257 760 2296 Ρεᾶιις
814 2257 1007 2307 pedesque
1059 2255 1096 2293 &
1148 2253 1333 2291 abdomen

457 2313 609 2364 punffls
635 2310 890 2350 minutiffimis
908 2341 919 2359 ‚
959 2308 1202 2348 creberrimis
1221 2333 1232 2350 ,
1265 2318 1336 2344 ex⁶

461 2368 612 2409 cavatis
661 2365 882 2419 conspersa,
915 2364 1057 2416 Elytra
1101 2362 1245 2402 sericea
1286 2371 1335 2399 er.
