1647 2931
214 108 296 163 ²93
434 113 951 154 ILLus‘rRAnoNEs.
983 113 1226 168 Cerambyx.

598 223 773 264 testaceo
812 223 989 271 rubent,
1035 225 1113 266 basi
1152 226 1304 268 macula
1343 240 1483 282 magna

596 279 684 319 at'ra
722 291 808 319 eam
833 280 1041 334 regionem
1069 294 1225 321 omnem
1261 293 1484 336 occupante

596 335 636 375 ὅ(
682 348 754 387 per
802 337 1017 387 marginem
1067 337 1301 377 interiorem
1350 339 1484 378 versus

599 390 753 443 apicem
788 390 1026 431 decurrente
1046 421 1061 440 ‚
1091 404 1138 432 ac
1168 393 1207 431 in
1233 393 1318 445 ejus
1350 394 1482 432 medio

598 447 733 485 denuo
756 458 936 497 magnam
949 455 1075 486 atram
1090 447 1282 488 maculam
1297 450 1486 499 utrinque

594 500 731 553 elytro
748 514 998 541 communem
1015 501 1281 543 constituente
1297 504 1334 543 &
1351 503 1484 556 postea

595 557 739 595 iterum
763 555 883 596 solam
921 557 1123 605 suturam,
1160 572 1235 598 nec
1268 567 1399 598 tamen
1436 559 1485 597 acl

597 613 750 663 apicem
790 611 909 662 usque
941 613 1197 653 decurrente.
1241 615 1319 653 Per
1354 614 1482 653 media

599 666 731 720 elytra
765 665 892 706 fasciae
919 669 1007 707 duae
1035 668 1150 708 flavae
1169 697 1180 714 ,
1217 668 1352 708 versus
1388 668 1484 720 pos-

596 721 676 761 tica
714 733 908 761 convexae
933 723 970 763 ὃ(
997 724 1220 765 denticulos
1256 724 1482 763 emitentes.

538 772 635 819 Fal).
664 776 863 831 Rhagium
881 778 1127 829 bifasciatum
1143 808 1155 824 ,
1181 779 1321 832 elytris
1337 777 1452 819 fuscis
1466 807 1479 828 ,

597 831 727 873 fasciis
753 832 902 872 duabus
931 833 1101 886 obliquis
1132 834 1261 875 flavise

544 884 667 940 Geoffi
697 888 766 936 ins]
790 888 913 939 purifi
938 887 1140 929 stencorus
1170 899 1206 931 Ι.

540 940 648 997 Sulz.
676 944 747 993 ins}
786 953 817 983 t.
850 951 885 993 5.
911 944 954 996 f.
981 942 1021 985 8.

220 1067 491 1123 Sycophanta.
502 1067 570 1113 28.

281 1806 474 1861 AEthi0p5.
502 1818 568 1862 29.

278 2101 470 2143 Timidus,
502 2109 568 2156 30.

599 1072 648 1110 C.
680 1071 796 1122 Dese.
842 1072 907 1125 Sp.
954 1087 1035 1115 cer.
1094 1073 1310 1127 inquifirori
1367 1071 1483 1125 plane

597 1126 738 1167 habitu
769 1127 987 1178 simillima3
1022 1127 1105 1168 fors
1138 1130 1256 1168 etiam
1287 1128 1417 1167 incola
1444 1128 1483 1167 δε

596 1185 709 1237 prior
723 1183 906 1223 arborum
920 1184 1043 1224 abieti
1061 1197 1344 1238 congenerum.
1357 1181 1483 1222 Color

596 1240 889 1292 praedominans
907 1238 1156 1293 ferrugineus
1174 1239 1227 1277 est
1243 1240 1278 1279 ὅ(
1293 1238 1357 1278 hic
1374 1248 1483 1277 totus

597 1308 649 1333 ex
667 1294 874 1334 concolori
893 1304 1076 1334 tomento
1094 1303 1219 1335 ortus.
1237 1293 1348 1332 Oculi
1364 1306 1480 1346 punc-

597 1360 719 1401 taque
742 1350 955 1402 elytrorltm
984 1351 1111 1403 nigra.
1152 1350 1298 1388 Puncia
1325 1348 1482 1401 elytro-

598 1418 685 1444 rum
721 1414 802 1444 tres
836 1405 1079 1445 constituunt
1113 1406 1310 1457 praecipue
1343 1403 1481 1442 fascias

599 1461 734 1512 nigras
746 1490 757 1509 ‚
772 1461 812 1499 in
828 1461 966 1512 quibus
975 1469 1197 1500 tomentum
1215 1459 1482 1512 ferrugineum

597 1516 726 1554 rarius
755 1514 808 1555 est
825 1544 837 1561 ,
881 1529 1043 1568 quarum
1070 1528 1145 1561 ea,
1173 1528 1259 1566 quae
1285 1515 1324 1553 in
1351 1513 1481 1553 medio

597 1569 681 1616 est,
710 1569 853 1619 latior,
877 1572 1047 1624 nigrior.
1075 1571 1212 1609 Omnis
1240 1570 1406 1623 nigredo
1433 1580 1484 1606 ex

597 1627 781 1678 corporis
824 1625 1021 1679 glabritie.
1068 1626 1202 1667 Lineae
1246 1625 1288 1665 in
1333 1621 1484 1677 fingulo

597 1679 734 1734 elytro
762 1679 930 1722 elevatae
962 1682 1064 1723 duae.

600 1808 648 1848 C.
700 1808 816 1859 Dese.
871 1809 993 1861 Caput
1042 1808 1144 1848 linea
1201 1807 1479 1862 longitudinali

601 1864 760 1910 media,
800 1864 974 1917 depreffa
1020 1874 1236 1904 exaratum.
1277 1863 1479 1902 Abdomen

598 1918 782 1959 villosum
799 1949 812 1969 ‚
839 1920 1054 1973 praesertim
1090 1921 1215 1973 apice.
1242 1917 1385 1972 Elytra
1405 1918 1481 1958 ab-

600 1975 760 2015 domine
783 1974 971 2016 breviora
996 1974 1194 2016 nonnihil.

600 2102 647 2141 C.
675 2101 792 2151 Defi.
819 2103 959 2143 Facies
989 2103 1168 2157 lepturae.
1205 2101 1332 2154 Caput
1352 2101 1482 2141 antice

600 2157 833 2211 elongatum
854 2188 865 2207 ,
888 2160 1018 2199 nitens
1034 2188 1047 2206 ,
1072 2160 1139 2198 sub
1168 2158 1336 2197 maxillis
1363 2159 1481 2197 dente

599 2222 813 2263 notatum,
854 2214 1051 2254 villosum.
1088 2214 1286 2253 Ameana·
1325 2213 1482 2253 breves.

600 2267 764 2307 leorax
796 2268 972 2309 villosus.
992 2269 1135 2322 Elycra
1153 2269 1335 2322 punclata
1352 2299 1363 2319 ‚
1393 2267 1482 2308 sor-

597 2323 721 2372 dida,
769 2326 881 2377 apice
919 2335 1118 2365 truncata.
1166 2323 1315 2374 Corpus
1354 2333 1483 2363 totum

605 2376 740 2419 subtus
772 2378 862 2420 rufo
895 2380 994 2422 villo
1029 2378 1261 2434 pubescens-
